3117 5084
1204 374 1278 444 163

65 543 168 607 rebus
185 544 366 627 liungaricis
382 550 414 607 et
429 548 525 629 captis
543 549 603 629 jam
622 553 691 631 post
705 549 879 613 Uinarinum
895 551 988 633 tigria
1006 548 1121 613 Zolnok
1135 549 1282 632 Eperies-

67 652 142 716 sino
158 654 354 737 caeterisque
376 654 500 718 minoris
516 658 659 720 momenti
672 658 824 722 fortalitiis
843 659 1010 723 accedente
1024 659 1280 723 Caesareanorum

67 782 131 845 per
147 780 253 825 omnes
270 764 352 826 aulas
367 764 534 827 alliatorum
547 766 761 838 declaratione,
774 788 809 831 se
822 767 902 832 bello
915 769 1086 851 llungarico
1105 767 1161 830 bac
1174 766 1281 849 hyeme

66 870 166 934 111111
183 872 389 955 imposituros3
406 873 491 937 irrita
506 873 574 937 iore
590 874 748 938 ridebatur
763 876 929 957 negotiatio
948 879 979 938 11
992 877 1037 940 vix
1054 876 1170 959 sperari
1188 880 1276 959 pote-

66 985 130 1051 rat,
146 982 277 1054 alliatos,
294 983 342 1064 qni
358 1002 481 1066 semper
494 984 712 1066 mitigationem
728 1006 784 1049 seu
800 987 900 1069 potius
924 986 1129 1049 limitationem
1151 991 1280 1068 puncto-

66 1108 140 1151 1111
163 1110 181 1152 1
205 1090 238 1153 S.
258 1090 292 1153 ll.
317 1090 582 1163 desideraverant,
608 1094 693 1176 pacis
715 1113 790 1177 opus
815 1114 909 1177 super
936 1096 1005 1157 anni
1027 1095 1184 1178 praeteriti
1207 1114 1280 1177 pro-

67 1197 243 1282 positiones
277 1199 307 1261 in
331 1199 397 1263 aula
422 1200 602 1266 Wiennensi
621 1222 755 1265 ursnras.
803 1204 843 1266 Ut
863 1223 938 1285 ergo
962 1223 1053 1266 novas
1077 1222 1279 1285 proponerem

66 1306 271 1371 conditiones
291 1308 486 1373 vehementer
508 1329 555 1372 mc
579 1310 709 1392 urgebat
731 1310 840 1373 milord
862 1310 956 1395 Raby,
982 1312 1054 1375 licet
1075 1331 1133 1394 ego
1157 1332 1279 1394 semper
1365 1347 1375 1361 ·

68 1415 211 1480 deffectu
230 1417 460 1480 instructionum
482 1437 530 1479 me
547 1420 762 1482 excusaverim.
795 1419 931 1483 Tandem
947 1441 1019 1484 vero
1037 1421 1074 1484 nd
1091 1420 1191 1485 totalis
1207 1441 1278 1505 spes

68 1526 229 1590 obtinendi
252 1532 395 1591 1111111111
418 1548 474 1611 per
495 1528 610 1592 alliatos
638 1530 882 1601 rescinderetur,
909 1530 959 1593 bic
982 1550 1128 1593 annerum
1154 1531 1277 1594 formavi

68 1628 281 1722 (memorialcz
305 1636 554 1721 durcbstrieben)
582 1640 751 1722 projectum
774 1640 1043 1703 manuducentibus
1068 1641 1106 1703 ad
1132 1640 1163 1703 id
1190 1642 1275 1703 Dum.

67 1744 231 1809 Jablonslri
253 1750 284 1808 11
302 1746 550 1809 instructionibus
568 1766 712 1811 annorum
731 1748 836 1819 1708,
861 1750 881 1812 a
900 1754 932 1813 et
951 1749 1008 1820 10,
1030 1750 1165 1832 inprimis
1188 1750 1277 1814 etiam

68 1855 120 1917 1111
135 1875 222 1937 qram
234 1856 310 1919 S.V.
326 1856 447 1920 domino
458 1857 503 1920 St.
511 1856 612 1920 111111
623 1856 749 1921 dederat
764 1858 850 1920 1169
859 1880 868 1931 ;
884 1859 961 1941 qvod
975 1858 1094 1942 quidem
1106 1860 1275 1941 projectum

68 1964 310 2047 generalissimis
324 1966 460 2028 terminis
476 1965 545 2028 ideo
562 1967 812 2049 comprehensum
829 1972 891 2037 est,
910 1972 942 2029 ut
959 1968 991 2029 S.
1005 1967 1041 2030 V.
1061 1972 1092 2029 et
1108 1968 1276 2031 confoede-

68 2074 129 2136 rati
153 2078 250 2137 status
271 2094 327 2157 pro
348 2076 465 2138 ratione
488 2076 752 2157 conjuncturarum
773 2076 804 2138 id
822 2076 909 2139 latius
924 2077 972 2139 uel
996 2076 1130 2139 strictius
1154 2095 1277 2159 semper

68 2182 224 2265 explicare
237 2183 362 2264 possint.
392 2181 531 2247 Stabilito
544 2202 652 2265 nempe
664 2184 748 2263 juxta
761 2185 847 2265 leges
864 2184 952 2265 regni
969 2184 1116 2266 regimine
1133 2190 1164 2247 11
1176 2184 1276 2248 babitu

68 2309 166 2374 snper
194 2291 222 2353 id
254 2291 421 2354 allialorum
449 2293 675 2356 assecuratione
701 2292 853 2374 ilungaria
881 2294 977 2357 omnia
1007 2296 1122 2357 ratione
1152 2314 1275 2377 quorum

69 2400 162 2463 ducta
181 2400 213 2462 S.
228 2400 262 2463 V.
280 2420 366 2463 arma·
382 2401 489 2463 sumsit
511 2421 546 2463 se
568 2402 758 2464 obtenturam
774 2406 940 2483 expectare
965 2408 1082 2485 polest,
1107 2403 1274 2465 examinato

70 2509 143 2572 dein
155 2509 403 2594 Transsylvaniae
416 2511 551 2593 negotio,
565 2510 595 2573 id
607 2530 664 2594 per
678 2512 803 2574 formale
820 2516 963 2595 punctum
980 2514 1116 2596 projecto
1133 2514 1272 2575 inserere

75 2618 281 2681 necessarium
289 2639 359 2681 csse
364 2618 589 2702 judicaveratur
595 2616 676 2705 (sic)
683 2619 771 2683 modo
779 2622 935 2703 sequenti:
947 2620 987 2684 Et
999 2626 1030 2685 ut
1044 2621 1101 2685 ista
1113 2641 1179 2703 pax,
1189 2640 1274 2703 qvam

72 2728 215 2791 altefatae
230 2729 384 2809 potentiae
400 2728 618 2799 conciliabant,
635 2729 786 2808 llnngaris
803 2734 884 2791 tanto
902 2727 1014 2791 tirmior
1032 2736 1063 2793 et
1088 2730 1274 2812 acceptatior

74 2856 144 2899 esse
159 2835 271 2919 possit,
293 2836 401 2899 foedus
417 2837 498 2901 inter
513 2858 584 2900 suae
601 2838 815 2920 Imperatoriae
830 2837 997 2919 blajestatis
1014 2837 1189 2901 Genitorem
1206 2838 1273 2920 piae

72 2946 237 3008 memoriae
259 2949 291 3009 et
312 2945 563 3031 Transsylvaniae
585 2948 784 3029 principatum
809 2944 894 3009 1686
918 2947 1085 3010 solenniter
1109 2947 1212 3011 initum
1236 2966 1273 3008 ex

72 3054 195 3136 integro
211 3054 307 3136 rigori
324 3055 499 3117 restituatur
514 3054 587 3117 1111
601 3054 739 3117 ellectum
753 3054 938 3119 restituatur.
961 3054 1044 3137 Quod
1058 3054 1127 3117 dein
1140 3055 1272 3117 ultimum

73 3163 265 3246 peragratum
281 3164 410 3245 projecti
425 3162 542 3234 attinet,
558 3164 609 3225 ille
625 3164 805 3247 supradictis
821 3164 1069 3227 instructionibus
1086 3169 1116 3226 et
1132 3164 1272 3227 exhibitis

73 3272 189 3335 asqv.
213 3272 393 3335 confirmatis
415 3272 557 3355 potentiis
578 3271 684 3336 alliatis
708 3274 929 3337 memorialibus
951 3273 1112 3337 conformis
1135 3273 1272 3355 inprimis

73 3380 143 3443 ideo
165 3380 283 3444 additus
299 3386 364 3451 est,
388 3386 421 3443 ut
436 3382 462 3442 is
479 3380 602 3444 Caesari
617 3400 722 3463 pacem
739 3401 799 3444 non
815 3386 1008 3464 acceptaturo
1026 3381 1136 3451 odium,
1150 3376 1187 3443 S²⁵
1199 3400 1271 3443 vero

76 3490 201 3553 Vestrae
216 3488 295 3571 apud
310 3488 428 3553 11111111
444 3508 576 3552 amorem
592 3489 784 3562 conciliaret,
801 3508 914 3573 eosque
937 3495 968 3552 el
989 3492 1083 3553 totum
1105 3487 1208 3552 orbern
1233 3488 1271 3552 de

75 3597 248 3661 sinceritate
264 3597 555 3681 desinteressataqre
574 3594 660 3663 Sal·
678 3598 737 3662 pr..
754 3599 922 3663 intentione
945 3598 1109 3662 clarissime
1127 3597 1271 3663 edoceret

75 3711 106 3769 ct
120 3724 176 3789 per
191 3724 382 3789 consequens
394 3705 433 3770 ad
443 3706 663 3789 procurandum
675 3708 736 3789 jam
749 3706 819 3769 olim
832 3704 869 3769 ab
882 3706 956 3789 ipsis
968 3705 1153 3789 propositum
1167 3705 1269 3787 aeqvi-

75 3816 175 3880 ralcns
201 3814 379 3897 impelleret.
422 3816 563 3879 Formato
589 3815 695 3879 taliter
721 3817 859 3898 projecto
884 3815 914 3877 in
936 3816 1001 3878 aula
1024 3815 1081 3877 hac
1102 3814 1271 3877 inchoanda

76 3922 236 4006 negotiatio
252 3924 385 4007 seposita
406 3922 463 3988 init
481 3923 631 4006 tantisper
649 3922 797 4007 siquidem
821 3944 871 3986 res
893 3922 971 4007 apud
992 3924 1108 3986 alliatos
1129 3922 1269 4007 primario

74 4031 286 4117 proponendae
308 4036 402 4095 erant.
440 4032 535 4115 igitur
554 4032 663 4096 llilord
677 4032 762 4117 llaby
785 4033 955 4117 projectum
978 4031 1125 4095 boccum
1147 4030 1269 4115 paribus

77 4141 340 4207 credentionalium
361 4161 492 4205 mearum
514 4148 546 4207 et
564 4142 773 4225 principalium
795 4142 1000 4207 instructionis
1027 4146 1206 4224 punctorum
1232 4138 1268 4203 ad

76 4252 216 4333 liegimm
232 4250 272 4314 bl.
285 4250 458 4316 Britanniae
474 4254 505 4316 11
520 4256 616 4315 status
631 4250 710 4315 illius
727 4251 925 4315 secretarium
941 4250 1022 4313 misit
1038 4266 1073 4313 ac
1089 4247 1215 4330 sumptis
1232 4268 1268 4311 ex

78 4362 274 4432 conscientia,
296 4360 412 4424 bonore
433 4366 466 4425 11
480 4360 615 4444 inprimis
631 4359 816 4423 necessitate
832 4360 1017 4442 argumentis
1034 4358 1063 4420 in
1079 4355 1268 4420 viridissimis

76 4471 207 4536 terminis
222 4470 358 4552 reginam
373 4469 493 4553 rogavit
507 4474 539 4533 ut
554 4471 711 4553 suspensis
727 4469 774 4531 bis
790 4469 928 4532 omnibns
941 4468 1036 4531 aulam
1048 4465 1268 4531 Wicnnensem
1314 4516 1323 4535 ,

75 4581 270 4667 impcllicaret
293 4578 330 4642 ad
352 4578 585 4643 concludendam
608 4596 676 4641 cnm
697 4577 845 4659 ilungaris
867 4596 990 4660 pacem,
1018 4582 1105 4658 qiam
1126 4574 1157 4637 in
1177 4572 1267 4637 finem

992 4681 1023 4736 11
1033 4682 1048 4715 *
