3117 5084
324 352 372 424 32

323 527 425 593 uires
447 526 567 592 torvis
590 524 751 610 respicit
772 524 896 589 oculis
920 529 983 588 aut
1005 523 1273 609 Imperatorem
1295 543 1373 587 non
1400 522 1495 605 cogi·

322 640 483 701 tatarum
513 635 550 701 dc
578 634 816 718 augmentatione
846 636 1017 717 Regnorum
1046 654 1167 700 suorum
1197 633 1345 718 superatis
1376 631 1497 716 pacis

327 744 613 810 carloricensis
629 742 803 807 terminis
825 742 902 807 dum
925 744 1139 828 inimperio
1156 741 1496 808 haereditariarum

324 854 612 938 prouinciarum
634 852 892 920 dilatationem
913 873 1072 937 sperare
1096 853 1215 938 nequit,
1236 853 1275 917 Et
1295 850 1379 936 quod
1401 848 1498 914 siber

324 983 383 1027 non
405 962 559 1027 evenirent
579 962 683 1034 etiam,
705 962 901 1026 certissimum
925 967 972 1026 est
994 963 1100 1027 aulae
1116 962 1318 1027 vienensis
1338 961 1498 1043 insupe-

322 1071 448 1136 rabile
463 1071 692 1156 Principium
708 1069 884 1134 domandi
899 1072 1129 1153 Hungariam
1150 1070 1188 1135 ad
1203 1071 1282 1155 quod
1299 1076 1330 1135 et
1345 1070 1498 1135 demem-

323 1179 433 1245 brata
461 1180 766 1264 Transsylvania
798 1178 904 1243 lacta
935 1199 1029 1263 pace
1061 1180 1199 1246 violentis
1229 1181 1370 1265 prolecto
1403 1176 1498 1243 tendet

323 1288 438 1371 medijs,
454 1287 598 1372 siquidem
614 1288 644 1351 id
655 1287 838 1352 Libertatum
854 1308 971 1352 suarum
987 1293 1076 1353 tenax
1091 1290 1193 1354 natio
1210 1290 1244 1353 ei
1260 1289 1403 1354 lubens
1419 1307 1498 1350 nun-

325 1416 428 1482 quam
452 1396 632 1469 admittit;
654 1396 747 1460 baec
767 1396 798 1460 in
821 1396 1026 1463 defensionem
1046 1418 1129 1464 suam
1153 1398 1357 1465 acheronta
1380 1415 1498 1459 move·

324 1504 389 1570 bit
419 1505 484 1570 Etsi
506 1525 523 1568 a
547 1504 802 1570 Guarantibus
818 1505 926 1590 pacis
950 1505 1102 1571 suturae
1125 1508 1263 1592 optinere
1284 1506 1423 1592 nequivit
1443 1524 1497 1569 aur·

323 1614 400 1699 plius
418 1614 554 1698 profecto
571 1634 629 1680 nou
652 1613 896 1699 respondebimus
918 1635 1174 1680 successores
1196 1622 1349 1683 nostros
1376 1621 1498 1681 turcas

326 1744 398 1789 nou
413 1727 637 1791 evocaturos
653 1723 812 1808 taliterque
824 1723 887 1787 sive
901 1744 957 1807 pro
973 1723 1182 1789 effectuatione
1197 1725 1374 1808 guarantiae
1390 1720 1497 1787 sivead

324 1832 528 1897 defensionem
543 1836 680 1898 contra
695 1833 854 1896 Turcam
870 1852 1033 1918 europae
1057 1833 1099 1897 ad
1115 1853 1213 1898 arma
1230 1832 1436 1899 recureudum
1449 1828 1499 1893 en'l

325 1947 356 2007 et
383 1942 499 2007 nonnisi
531 1941 663 2007 misera
694 1942 895 2024 Hungaria
928 1941 1206 2007 turbulentiae
1238 1942 1497 2026 redarguetur

248 2046 252 2057 '
326 2070 447 2136 quarum
475 2070 561 2115 causa
585 2056 616 2113 et
637 2050 780 2115 hactenus
804 2050 884 2114 sola
908 2048 1033 2116 domus
1061 2052 1263 2117 austriaca
1288 2051 1382 2124 suit,
1408 2053 1442 2114 et
1459 2047 1497 2111 rir

323 2160 468 2224 Bellum
499 2158 571 2225 hoc
601 2158 871 2231 inchoabitur,
905 2158 1095 2225 Gallicum
1125 2161 1316 2226 succedet
1345 2160 1399 2225 vel
1428 2156 1497 2221 euim

324 2266 523 2351 Principes
551 2268 701 2352 imperii
723 2288 778 2352 pro
800 2266 976 2332 defensione
998 2289 1055 2353 per
1075 2290 1109 2334 se
1132 2268 1360 2334 insufficientem
1386 2268 1498 2351 lmpe-

325 2380 486 2441 ratorem
498 2374 683 2459 juvabunt
698 2375 745 2440 vel
762 2380 1007 2461 spectatores
1022 2377 1116 2442 belli
1130 2378 1300 2443 devenient
1327 2377 1363 2442 si
1380 2376 1496 2461 primaru

325 2489 531 2557 turcarum,
559 2486 585 2549 si
607 2484 768 2549 secundum
789 2484 885 2567 galli
913 2484 1128 2551 imminebit
1154 2487 1386 2571 periculum,
1408 2480 1495 2570 prouti

324 2594 381 2659 hac
397 2593 552 2658 occasione
569 2614 635 2659 eum
652 2594 693 2659 uti
709 2594 789 2659 scire
805 2594 915 2658 docent
929 2594 1070 2660 historiae
1086 2617 1103 2661 a
1125 2595 1360 2681 temporibus
1388 2589 1496 2661 caroli

327 2704 451 2791 quinti
474 2710 510 2770 et
533 2704 744 2769 solimanni.
769 2703 866 2767 Etiam
881 2704 907 2767 si
927 2705 1041 2769 Bellum
1061 2705 1118 2770 hoc
1133 2706 1301 2770 immediate
1316 2702 1495 2790 praecedens
1533 2709 1534 2712 ’

327 2835 385 2880 non
400 2814 630 2886 consideremus,
648 2812 726 2897 quod
743 2811 779 2876 ab
796 2834 831 2877 eo
848 2813 886 2877 ob
902 2813 932 2877 id
946 2815 1042 2878 solum
1057 2814 1226 2880 inchoatum
1242 2820 1299 2886 est,
1318 2834 1357 2877 ne
1374 2808 1496 2896 acquisi-

326 2923 406 2988 tione
419 2923 524 3007 plagae
536 2919 746 3007 propemodum
759 2921 919 2987 immensae
932 2922 1057 3004 ejecto
1073 2944 1115 2986 ex
1126 2923 1274 3007 Europa
1288 2928 1401 2988 turca
1416 2936 1494 2985 suas

327 3031 540 3117 Imperator
555 3034 689 3114 augeat
704 3030 783 3095 vires
795 3029 856 3118 (t),
870 3031 975 3115 quibus
988 3031 1138 3116 acquisitis
1150 3032 1286 3115 profecto
1302 3036 1333 3096 et
1347 3025 1496 3115 imperio

328 3138 681 3206 etProtestautibus
698 3139 805 3203 nimis
819 3139 947 3223 gravis
963 3140 1114 3212 eraderet,
1128 3140 1198 3225 quid
1210 3160 1284 3223 crgo
1296 3140 1387 3223 medij
1401 3155 1496 3222 super·

329 3254 375 3314 cst
401 3248 618 3331 Hungariae
649 3249 732 3314 auis
759 3248 1021 3314 libertatibus
1048 3250 1259 3315 restitutio
1294 3269 1347 3313 seu
1384 3244 1496 3313 dixerim

328 3357 409 3441 ejus
431 3356 567 3423 adomo
588 3358 781 3424 austriaca
805 3358 950 3422 avulsio
972 3363 1009 3423 et
1030 3378 1109 3423 cum
1130 3380 1173 3422 ea
1195 3380 1238 3422 ac
1260 3358 1420 3442 imperio
1435 3372 1497 3439 pcr-

329 3471 418 3550 petua
445 3465 604 3549 colligatio,
628 3488 684 3551 qua
710 3467 858 3531 mediante
881 3467 1019 3530 'larcia
1041 3467 1263 3532 vicinitatis
1291 3466 1423 3531 domus
1444 3480 1496 3527 au·

329 3573 499 3638 striacae
521 3576 635 3639 amittet
650 3575 785 3640 timorem
800 3594 897 3659 neque
914 3579 1084 3659 praesumet
1106 3576 1232 3661 aggredi
1255 3595 1412 3659 regnum
1434 3566 1496 3636 toti

330 3680 616 3747 Christianitati
632 3684 850 3766 colligatum
867 3684 945 3768 quod
960 3684 1017 3749 etsi
1032 3685 1214 3751 intentarent
1228 3706 1335 3751 secure
1350 3683 1388 3749 ad
1400 3685 1494 3769 juvar·

330 3789 399 3854 dum
415 3809 480 3853 eam
495 3810 674 3855 concurrere
687 3793 797 3875 poterit
807 3792 1008 3877 imperium
1024 3814 1092 3858 nec
1108 3794 1234 3858 Gallia
1249 3815 1323 3880 opus
1338 3794 1398 3858 boc
1412 3794 1494 3856 inter·

329 3897 475 3970 turbabit,
503 3919 560 3984 quo
587 3920 647 3963 non
673 3899 801 3965 domus
829 3901 904 3966 sibi
932 3908 1077 3987 perpetuo
1103 3903 1281 3968 inimicae
1308 3902 1374 3967 sed
1402 3896 1493 3980 regis

330 4007 546 4091 Hungariac
561 4009 687 4072 summi
703 4009 1155 4076 christianitatisNimirum
1170 4013 1317 4076 atletae
1332 4006 1494 4076 accrescent

331 4117 410 4181 vires
426 4136 496 4180 nec
517 4117 621 4181 ratio
640 4116 819 4184 libertati
841 4140 935 4184 suae
958 4120 1153 4185 restituta
1169 4140 1251 4186 cum
1267 4114 1493 4206 provocabit

331 4224 386 4289 sed
409 4229 496 4309 prout
517 4225 679 4291 Polonia
707 4228 896 4293 neminem
925 4229 1038 4293 timet
1064 4233 1103 4293 et
1127 4250 1143 4293 a
1167 4231 1321 4295 nemine
1344 4230 1492 4293 timetur

331 4333 372 4397 ita
403 4337 435 4396 et
464 4333 664 4416 Hungaria
698 4335 807 4399 iuter
837 4338 932 4402 duas
965 4338 1174 4423 potentias
1209 4339 1434 4403 orientales
1462 4333 1492 4394 el

333 4442 614 4506 occidentales
646 4443 804 4509 constituta
834 4446 1027 4532 lmperiorum
1057 4445 1260 4512 moderabitur
1288 4447 1433 4513 halcionia
1452 4436 1490 4528 (i)

334 4570 457 4635 quorum
474 4551 649 4615 documento
665 4558 733 4617 sunt
753 4574 855 4621 omnes
879 4557 1123 4621 austriacum
1146 4557 1183 4619 in
1207 4577 1276 4621 nos
1299 4555 1491 4621 dominium
