3117 5084
1193 365 1261 438 101

66 548 229 627 poteraut,
250 542 330 607 nulla
345 546 445 606 tamen
461 563 498 605 er
513 540 584 604 inde
599 545 702 625 potest
718 562 789 607 esse
806 542 943 606 contusio
960 542 1135 607 exolutionis
1158 562 1272 614 eorum,

65 672 145 737 quae
168 653 315 737 praestita
342 655 428 723 sunt,
454 651 481 714 si
508 650 628 734 quidem
656 651 775 716 aliunde
799 648 913 715 Eadem
936 652 1056 715 Summa
1078 650 1115 714 ad
1143 652 1272 715 suturam

65 761 456 825 necessitatemreserrari
477 759 633 825 debuisset
653 766 686 825 et
701 760 923 842 assignationes
946 759 1043 822 nullae
1070 760 1145 823 aliae
1162 759 1272 823 subse-

67 876 182 954 quutae
198 873 279 942 sunt,
293 855 380 953 qnam
397 890 470 954 quas
486 870 654 934 Dominatio
670 869 780 934 Vestra
795 888 901 933 secum
918 868 1095 941 abstulerat,
1113 869 1181 932 illae
1198 889 1271 932 vero

65 978 311 1061 assignationes,
332 979 527 1063 quaefactae
552 984 638 1050 sunt,
660 979 687 1041 si
709 978 920 1042 combinentur
936 997 1004 1042 curn
1021 979 1119 1061 prelio
1136 979 1271 1042 vinorum

62 1089 125 1170 jam
142 1087 417 1151 administratorum
441 1086 694 1169 assignationibus
709 1087 854 1170 praelatis
877 1086 1022 1158 sufficiet,
1046 1087 1148 1151 nescio
1172 1091 1272 1150 tamen

66 1217 143 1281 quae
161 1218 254 1261 causa
269 1196 324 1267 sit,
349 1196 428 1280 quod
445 1196 588 1261 Dominus
604 1198 743 1259 Breuner
764 1216 799 1259 se
824 1196 894 1259 nihil
916 1215 1006 1279 posse
1018 1196 1163 1279 pecipere
1180 1214 1272 1279 super

65 1326 149 1369 suam
172 1305 408 1388 assignationem
428 1304 558 1378 scribnt;
583 1304 770 1369 incubuisset
785 1304 913 1389 proinde
930 1304 1130 1368 Dominationi
1144 1304 1272 1369 Vestrae

64 1414 209 1479 Berolino
226 1415 324 1479 statim
340 1418 511 1478 accuratam
525 1414 597 1478 mibi
614 1414 820 1478 transmittere
844 1414 1101 1484 informationem,
1123 1413 1271 1499 quomodo

65 1546 98 1588 se
113 1545 167 1588 res
184 1522 306 1597 babeat,
321 1524 404 1588 circa
416 1523 536 1587 easdem
548 1523 768 1606 assignationes
784 1527 816 1587 et
828 1522 979 1607 pecunias.
1004 1520 1050 1585 De
1063 1522 1138 1586 meis
1151 1542 1271 1608 quoque

67 1634 156 1699 2000
173 1632 381 1717 lmperialibus
393 1633 588 1716 expectabam
604 1632 845 1697 informationem
863 1632 1081 1697 Dominationis
1098 1632 1225 1696 Vestrae
1241 1638 1273 1696 et

66 1749 166 1807 utrum
184 1744 330 1807 Dominus
340 1742 496 1807 iablonski
511 1747 602 1826 prout
617 1760 796 1824 rogaveram
808 1740 941 1805 Eandem
954 1740 1105 1805 Summam
1116 1762 1172 1830 pro
1185 1745 1272 1825 parte

66 1872 130 1916 mea
146 1852 188 1916 ad
203 1872 239 1915 se
254 1852 409 1936 receperit
423 1858 457 1917 ut
472 1851 685 1935 dispositiones
702 1870 784 1914 meas
797 1849 934 1934 desuper
950 1850 1084 1932 dirigere
1101 1852 1224 1934 possim.

157 1962 237 2025 llinc
266 1962 425 2037 nullaalia
453 1979 530 2026 nora
557 1959 718 2024 scribenda
745 1959 843 2025 babeo
871 1964 995 2044 praetor
1015 1960 1077 2042 jam
1100 1959 1270 2024 inchoatum

65 2072 183 2135 Bellum
211 2070 391 2145 Turcicum,
422 2075 543 2154 apertas
574 2070 653 2133 enim
681 2070 744 2152 jam
775 2072 880 2152 agunt·
896 2067 1074 2133 inimicitias.
1120 2068 1270 2133 Palatinus

67 2179 239 2244 Kioriensis
256 2200 323 2245 cum
346 2178 407 2243 lilio
423 2181 616 2243 Tartarorum
632 2176 727 2242 Cbaui
743 2176 990 2241 Budaalriensium
1012 2178 1122 2261 aliquot
1144 2176 1272 2241 millibus

67 2290 263 2352 Tartarorum
285 2289 411 2373 stipatus
431 2288 515 2353 uenit
534 2287 565 2350 in
578 2286 740 2370 Ulrrajnam
757 2286 899 2351 Poloniae
919 2288 998 2350 intra
1014 2288 1216 2351 Kameuecum
1241 2292 1272 2351 et

67 2399 161 2481 magis
178 2396 291 2461 ibidem
307 2396 579 2480 subsisterequam
596 2394 741 2479 progredi
753 2395 883 2461 videtur.
910 2396 1025 2459 Bellum
1037 2396 1096 2460 hoc
1108 2396 1270 2459 'turcicum

68 2508 152 2591 quasi
175 2499 251 2571 vero
274 2526 311 2569 ex
334 2506 465 2571 factione
488 2504 603 2569 Gallica
626 2508 738 2568 motum
760 2506 961 2570 Serenissimo
991 2524 1110 2589 quoque
1139 2505 1270 2589 Principi

66 2616 272 2702 imputandum
287 2614 473 2699 persuadere
491 2614 585 2680 Caaro
602 2620 634 2679 et
649 2614 822 2681 bloscoritis
844 2614 974 2679 intendit
989 2614 1063 2678 Aula
1079 2613 1269 2686 Viennensis,

67 2731 98 2790 et
112 2726 203 2812 quasi
221 2725 279 2788 boc
294 2724 409 2788 Bellum
424 2728 530 2787 contra
546 2726 761 2808 imperatorem
779 2743 898 2808 quoque
914 2742 948 2785 se
967 2722 1132 2787 extendere
1155 2722 1270 2785 sollici-

66 2840 202 2906 taretur,
221 2833 302 2920 qnod
325 2852 379 2917 pro
401 2852 486 2897 more
506 2834 596 2898 solito
617 2833 655 2897 ad
677 2833 749 2896 nihil
778 2832 859 2897 aliud
882 2832 955 2903 nisi,
980 2837 1013 2895 ut
1035 2831 1268 2895 Serenissimum

67 2945 240 3028 Principem
254 2942 451 3007 etNationem
458 2942 598 3007 Nostram
609 2940 791 3004 odiosiorem
804 2940 921 3013 reddat,
935 2940 1071 3004 omnibus
1083 2945 1143 3005 tam
1156 2941 1267 3024 injuste

67 3055 238 3137 spargitur;
252 3052 343 3136 jussit
362 3052 465 3136 itaque
484 3049 702 3115 serenissimus
717 3050 862 3133 Princeps
876 3049 1113 3114 Dominationem
1131 3050 1266 3113 Vestram

67 3162 95 3225 iu
110 3183 148 3227 eo
164 3180 305 3226 securam
322 3182 391 3226 esse
407 3164 440 3224 et
454 3180 559 3224 omnes
574 3160 649 3224 alios
665 3179 792 3223 securos
804 3158 934 3222 reddere
947 3159 1027 3243 quod
1039 3160 1100 3223 Sua
1112 3158 1269 3223 Serenitas

67 3275 97 3334 et
111 3270 204 3335 Natio
223 3274 326 3335 nostra
341 3271 450 3333 nullam
465 3269 585 3352 penitus
600 3270 631 3333 ia
647 3268 822 3332 incitatione
837 3268 913 3331 belli
928 3266 1016 3348 hujus
1027 3273 1143 3353 partem
1155 3266 1269 3330 babere

68 3382 112 3443 vel
127 3379 274 3444 babuisse
291 3398 419 3465 unquam
436 3378 596 3450 constabit,
611 3378 690 3441 sciet
701 3376 828 3462 perinde
840 3376 1009 3440 Dominatio
1016 3377 1125 3441 Vestra
1138 3374 1266 3458 objectis

66 3488 174 3554 talibus
194 3489 297 3553 debite
313 3489 511 3573 respondere,
528 3486 635 3573 quibm
650 3486 683 3579 in
699 3485 817 3570 reliquo
835 3504 941 3548 maneo

404 3596 549 3680 Ejusdem
564 3594 781 3659 Dominationis
799 3593 927 3658 Vestrae

68 3706 113 3771 οο.
131 3706 283 3781 clement.
829 3703 940 3767 amicus
959 3701 1096 3767 addictus

101 3832 265 3905 (original.)
747 3812 782 3877 C.
799 3812 836 3879 N.
853 3813 1053 3901 bercseny
1071 3831 1109 3873 m.
1128 3832 1157 3896 p.

642 3956 696 4023 80.
1043 3954 1047 3963 ’

206 4088 431 4153 Scbreiben
454 4088 521 4151 des
545 4087 651 4152 nobo
674 4086 854 4150 brenner
878 4105 921 4148 an
944 4085 1131 4149 Klement.

382 4215 570 4299 Regiomonti
586 4214 636 4277 die
653 4216 706 4278 26.
724 4214 824 4297 ldartij
847 4212 942 4277 1711.

459 4342 616 4414 Berolim',
633 4342 666 4406 4.
682 4340 760 4428 Apr.
777 4340 875 4405 1711.

158 4488 389 4555 Serenissimum
413 4489 444 4551 in
465 4487 571 4553 Russia
597 4486 724 4559 morari,
753 4484 872 4569 publica
901 4504 968 4549 oum
994 4485 1072 4548 sama
1096 4482 1262 4556 conlirmat,

72 4601 212 4664 rationem
234 4620 309 4665 rero
330 4618 368 4662 ex
388 4599 496 4663 litteris
516 4598 552 4662 11.
570 4598 606 4661 0.
624 4597 658 4662 C.
675 4596 830 4680 Rercseny
847 4594 953 4667 didici,
972 4594 1051 4658 illam
1074 4613 1159 4665 esse,
1182 4593 1262 4677 quod

100 4710 192 4755 renue
209 4708 278 4754 noan.
291 4708 317 4754 n
335 4708 375 4752 aa.
387 4709 454 4753 xnr.
993 4701 1025 4755 11
