3117 5084
282 324 360 396 224

281 501 447 583 pretentias
463 500 623 564 maritimas
639 517 768 562 rancore
785 496 834 581 qui
846 516 905 559 non
916 497 1116 580 permissurus
1130 497 1180 568 sit,
1194 500 1227 560 ut
1236 494 1480 579 interpositiones

280 609 405 691 reginae
420 610 468 672 vel
484 614 613 673 statuum
626 606 798 671 llollaudiae
815 624 871 689 pro
885 605 916 669 S.
932 606 968 671 V.
982 606 1081 670 locum
1092 604 1231 669 habeant.
1260 604 1369 667 Sciunt
1382 604 1479 675 etiam,

280 738 315 781 se
330 717 396 780 sine
413 718 569 802 dispendio
586 738 639 781 suo
656 718 751 779 aulam
763 714 980 777 lViennensem
997 732 1054 777 nec
1070 713 1138 797 plus
1150 712 1271 775 irritare
1282 730 1340 773 nee
1354 710 1479 792 aggredi

281 845 389 908 posse,
416 845 473 888 nec
488 826 631 907 ignorant
646 842 750 888 omnes
766 823 989 903 negotiationes
1005 822 1087 885 uullo
1103 826 1209 905 aperto
1226 824 1322 883 marte
1344 819 1479 883 suffultas

280 934 382 997 irritas
399 955 479 1006 esse,
496 934 573 1019 quod
596 932 788 1017 ipsiexperti
804 936 873 997 sunt
887 937 1025 1016 ternpore
1041 933 1125 1014 regis
1141 930 1185 995 sui
1201 929 1308 994 iacobi
1324 928 1416 1013 primi
1433 929 1479 1011 qui

282 1064 338 1127 pro
364 1064 480 1127 genero
510 1064 564 1108 suo
590 1042 687 1107 eleeto
714 1041 875 1105 Bobemiae
899 1060 976 1124 rege
999 1040 1155 1105 Friderieo
1182 1040 1243 1104 suis
1271 1038 1482 1103 haereditariis

283 1152 448 1233 prouinciis
457 1157 546 1215 exuto
557 1149 811 1214 nonobstantibus
823 1148 960 1213 omnibus
973 1146 1247 1213 assecurationibus
1260 1147 1332 1209 nihil
1345 1146 1485 1211 obtinere

283 1260 392 1341 potnit.
424 1260 587 1323 Praesumo
602 1260 724 1341 insuper
740 1278 801 1321 non
818 1258 882 1321 sine
899 1256 1108 1327 fondamento,
1132 1256 1248 1320 alliatos
1265 1255 1392 1320 obtenta
1410 1274 1485 1339 pace

284 1365 414 1430 aGallis
438 1366 564 1430 honesta
589 1372 621 1431 et
644 1367 741 1450 posita
762 1366 794 1427 in
818 1364 1025 1448 aequilibrium
1044 1365 1159 1446 justum
1180 1364 1327 1427 austriaca
1344 1368 1378 1427 et
1394 1363 1486 1427 bour·

285 1473 394 1538 bonica
409 1474 538 1546 bilance,
555 1474 753 1538 libentissime
770 1474 885 1537 semina
900 1472 973 1537 belli
991 1474 1021 1535 in
1039 1472 1188 1555 llungaria
1204 1472 1380 1557 relinquere
1396 1472 1485 1537 uelle.

284 1602 340 1666 per
356 1602 431 1666 qvae
448 1583 481 1647 S.
495 1584 529 1647 V.
545 1583 634 1647 Crari
649 1582 762 1647 uiribus
778 1582 898 1646 suffulta
915 1602 994 1646 nune
1010 1580 1204 1645 deventuram
1221 1600 1359 1661 magnam
1376 1586 1487 1665 poten·

282 1692 355 1754 tiam
371 1691 548 1754 austriacam
564 1692 706 1755 continue
721 1691 753 1753 in
769 1710 915 1773 suspenso
928 1696 1035 1753 tenere
1051 1694 1149 1774 queat.
1177 1689 1345 1773 Religionis
1367 1689 1487 1775 quidem

284 1806 460 1881 argumento
477 1818 530 1863 eos
548 1797 694 1881 adstringi
710 1818 801 1882 posse
813 1798 1012 1880 judicaretur,
1030 1805 1060 1861 et
1077 1816 1179 1861 uerum
1197 1804 1254 1868 est,
1267 1798 1372 1882 plures
1384 1797 1488 1881 magni

285 1907 413 1970 nominis
436 1906 517 1969 uiros
541 1915 589 1971 sat
612 1906 691 1970 bene
717 1906 933 1971 intentionalos
956 1926 1042 1979 esse;
1065 1904 1120 1969 sed
1146 1905 1222 1991 prob
1246 1905 1341 1977 dolor,
1366 1906 1486 1990 Religio
1552 1930 1553 1935 ¹

285 2014 438 2077 ordinarie
453 2020 628 2098 praetextus
644 2034 714 2079 esse
737 2016 833 2086 solet,
858 2016 907 2098 qui
929 2014 1056 2098 denique
1080 2013 1233 2079 ordinarie
1255 2014 1433 2097 negligitur,
1459 2020 1488 2078 et

284 2122 361 2185 baec
376 2122 530 2186 Gallorum
552 2122 652 2207 opinio
676 2128 737 2196 est;
765 2142 840 2207 quae
865 2121 934 2186 dum
958 2122 1074 2206 patriae
1101 2126 1132 2186 et
1149 2122 1182 2186 S.
1199 2122 1232 2187 V.
1257 2124 1287 2186 in
1311 2124 1487 2207 particulari

283 2230 506 2313 praejudiciosa
534 2236 621 2306 sunt,
649 2232 857 2297 existimavere
887 2237 918 2295 ot
941 2232 1061 2295 nomine
1087 2231 1119 2295 S.
1142 2232 1178 2295 V.
1206 2232 1340 2316 potiores
1369 2231 1488 2315 imperii

285 2338 439 2422 principes
455 2338 699 2410 informarentur,
715 2340 867 2403 interesse
883 2358 986 2404 eorum
1003 2340 1138 2421 exigere,
1155 2360 1194 2403 ne
1208 2359 1266 2422 per
1281 2340 1487 2403 exclusionem

287 2447 320 2510 S.
337 2447 373 2511 V.
390 2467 427 2510 ex
442 2448 594 2530 liungaria
615 2448 778 2532 imperator
799 2447 911 2511 ibidem
933 2450 999 2513 sine
1020 2450 1081 2513 ullo
1104 2448 1197 2512 limite
1219 2455 1327 2532 potens
1349 2449 1381 2511 in
1398 2468 1488 2534 prae·

281 2553 428 2637 judicium
455 2556 552 2640 ipsius
582 2556 701 2641 imperii
727 2556 851 2630 euadat;
875 2556 943 2620 ideo
972 2556 1147 2640 persuaderi
1170 2556 1243 2640 ipsis
1269 2556 1421 2630 deberet,
1446 2562 1487 2628 ut,

286 2662 417 2745 quamvis
433 2664 602 2745 projectum
617 2663 652 2728 S.
668 2663 703 2727 V.
722 2664 760 2727 de
776 2663 847 2728 dato
866 2666 896 2728 6.
912 2663 983 2746 Julij
1003 2664 1089 2746 hujus
1106 2665 1175 2727 anui
1191 2662 1229 2726 de
1253 2664 1387 2754 unienda
1404 2664 1487 2728 liun-

285 2768 369 2851 garia
392 2770 429 2833 ad
450 2771 608 2855 imperium
623 2790 708 2835 suurn
724 2771 865 2835 ellectum
889 2770 1004 2834 babere
1028 2790 1088 2834 non
1109 2771 1258 2854 punierit,
1279 2771 1486 2835 necessarium

285 2883 347 2941 tuna
372 2897 427 2960 pro
451 2878 583 2962 ipsorum
604 2880 836 2943 conservatione
859 2898 940 2949 esse,
956 2884 990 2943 ut
1005 2878 1038 2943 S.
1055 2878 1091 2942 V.
1108 2883 1139 2941 ot
1154 2898 1282 2962 regnum
1299 2899 1380 2943 nunc
1397 2880 1486 2943 satis-
1554 2868 1555 2881 ³

286 2985 446 3049 factionem
467 2986 618 3058 obtineat,
643 2992 676 3050 ut
694 2988 725 3049 in
747 3006 848 3051 casnm
869 2987 975 3051 mortis
998 2986 1097 3050 Caroli
1119 2985 1186 3050 siue
1207 2987 1350 3051 masculis
1374 2988 1485 3051 dietusru

285 3094 453 3177 projectum
474 3115 529 3179 pro
552 3096 632 3159 bono
655 3094 802 3160 libertatis
822 3096 1015 3179 germanicae
1038 3102 1238 3179 exequantur;
1261 3095 1341 3179 quod
1363 3096 1438 3161 alias
1460 3096 1483 3159 si

285 3204 319 3267 S.
338 3204 372 3268 V.
390 3222 537 3288 oppressa
555 3204 647 3267 fuerit
664 3204 775 3267 nullum
800 3204 941 3268 edoctum
963 3204 1065 3267 sortiri
1087 3205 1192 3287 possit.
1224 3203 1247 3267 li
1269 3205 1318 3287 qui
1334 3204 1374 3268 ad
1389 3204 1484 3289 impe-

285 3310 361 3375 rium
377 3312 510 3395 aspirant
520 3312 569 3376 vel
582 3334 619 3376 ex
631 3312 690 3377 boc
702 3314 894 3378 fundamento
907 3314 1144 3398 propositionem
1155 3314 1233 3377 banc
1249 3314 1484 3397 amplectentum

285 3421 400 3484 caeteri
416 3442 519 3485 amore
534 3422 650 3505 patriae
666 3422 748 3488 ducti
763 3442 868 3487 manus
884 3423 1005 3488 dabunt.
1034 3423 1182 3495 llollandi,
1199 3424 1300 3506 Angli,
1312 3422 1377 3505 jmo
1391 3423 1484 3488 Gallia

285 3528 482 3594 infallibiliter
497 3551 534 3594 eo
551 3530 740 3597 inducentur.
772 3533 863 3605 Aula,
885 3540 916 3597 ut
933 3533 964 3597 S.
982 3534 1017 3598 V.
1038 3533 1159 3617 saepius
1176 3532 1250 3606 dixi.
1266 3533 1411 3598 Brassica
1427 3554 1483 3597 non

287 3637 363 3701 adeo
384 3642 528 3702 contenta
550 3644 613 3712 est,
644 3640 782 3703 sednon
812 3642 958 3724 despero.
989 3642 1137 3705 dominnm
1165 3641 1204 3704 de
1224 3640 1324 3723 llgeu‚
1354 3642 1483 3726 mamus

287 3745 375 3809 nobis
391 3744 553 3817 difficilem,
565 3751 626 3809 tarn
641 3749 744 3831 aequis
760 3748 1061 3813 remonstrationibus
1078 3767 1245 3819 cessurum,
1258 3753 1333 3811 etot
1350 3750 1483 3831 inprimis

287 3854 404 3935 imperii
420 3853 606 3938 principibus
623 3856 671 3939 qvi
687 3857 858 3939 ilungariae
875 3876 1015 3921 coronam
1032 3835 1187 3943 aliquando
1210 3856 1323 3920 ambire
1348 3865 1482 3941 possunt,

287 3961 354 4042 ejus
366 3962 481 4045 iustitia
498 3968 634 4037 constet,
656 3971 687 4029 et
701 3972 735 4029 ut
750 3966 878 4050 populus
895 3966 1031 4047 anglicus
1047 3967 1168 4031 multam
1184 3966 1366 4031 influentiam
1383 3968 1415 4030 in
1436 3986 1483 4031 rea

287 4069 428 4153 gubernii
444 4070 560 4135 babens
575 4071 614 4136 de
631 4074 780 4157 aequitate
798 4094 904 4139 causae
929 4095 1091 4159 persuasus
1112 4076 1151 4139 sit
1174 4094 1320 4139 annexum
1341 4076 1484 4159 seriptum

287 4178 324 4241 ad
339 4179 499 4243 multorum
515 4182 754 4245 sollicitationem
771 4185 940 4267 composui,
962 4204 1042 4248 nnuc
1063 4184 1093 4247 in
1109 4184 1267 4266 Anglicum
1283 4203 1339 4266 pro
1356 4184 1484 4269 impres-

290 4286 377 4351 sione
404 4290 573 4354 traducitur
598 4310 655 4374 per
682 4310 731 4353 me
762 4292 795 4353 in
819 4291 974 4355 llollaudia
1006 4292 1125 4375 inprimi
1154 4290 1328 4355 curandum.
1374 4293 1484 4356 Domus

289 4398 449 4469 austriaca,
466 4399 508 4464 uti
525 4400 643 4483 quidem
658 4400 788 4464 ministri
804 4400 1043 4471 sui-declamant,
1065 4420 1171 4464 novans
1186 4400 1217 4463 in
1233 4400 1386 4482 lluugaria
1403 4403 1485 4465 timet

180 4583 184 4598 ι
287 4506 514 4572 revolutionem.
532 4508 645 4573 Caarus
662 4513 693 4572 et
708 4528 762 4572 rex
778 4508 931 4592 Augustus
947 4512 994 4573 sat
1005 4513 1146 4592 potentes
1158 4512 1238 4580 suut,
1255 4512 1287 4571 et
1299 4508 1389 4573 ailiati
1399 4510 1431 4574 S.
1441 4509 1485 4581 V..
