3117 5084
1225 355 1272 426 81

55 551 97 595 eo
124 537 271 618 tempore
295 532 439 616 contrari]
462 533 593 597 auditum
616 535 672 597 est.
718 531 853 613 Contigit
873 530 996 594 iuterim
1016 529 1115 594 medio
1141 535 1280 613 tempore

58 640 225 723 quendam
249 641 398 705 hominem
415 642 507 724 Regis
524 639 699 705 Sveciarum
716 659 752 704 ex
768 639 892 702 Bender
906 659 963 724 per
978 637 1088 702 limites
1101 637 1278 720 Huugariae

58 747 293 831 quodammodo
309 749 477 822 transiisse,
493 749 543 833 qui
559 746 742 830 Lublyoviae
759 753 865 831 captus
882 748 963 811 etad
978 747 1076 810 Dnum
1096 747 1278 808 Generalem

59 857 161 920 Goltz
187 858 361 928 translatus,
386 857 460 919 lama
483 857 560 930 lert,
577 857 663 941 quasi
679 857 808 921 eundem
825 854 952 918 dixisse:
976 858 1164 937 praetextum
1181 855 1277 917 solum

59 984 138 1029 esse
164 966 391 1030 conservandae
412 965 534 1030 militiae
555 965 644 1048 hujus
662 969 694 1029 et
708 967 933 1048 acceptatorum
948 961 1140 1026 seruitiorum
1157 961 1276 1026 nonnisi

61 1073 181 1136 titulus
197 1077 298 1146 esset;
316 1079 347 1138 et
364 1093 440 1157 quae
456 1073 572 1138 similia.

164 1182 233 1246 Etsi
249 1187 349 1246 tamen
365 1183 442 1247 actio
456 1183 519 1266 jam
531 1180 669 1264 superius
682 1184 847 1244 memorata
861 1180 1018 1244 veritatem
1031 1177 1208 1244 ostenderet
1219 1199 1279 1242 non

62 1290 340 1373 praetextumsed
352 1291 464 1355 realem
474 1288 638 1354 eorundem
651 1288 865 1371 obligationem
876 1288 1035 1351 militarem
1053 1293 1083 1351 et
1095 1307 1150 1371 pro
1163 1287 1281 1369 stipen-

63 1397 126 1460 diis
158 1399 363 1470 servientem,
391 1397 582 1462 nihilominus
610 1397 831 1481 praecautionis
860 1396 926 1460 loco
950 1396 987 1458 D.
1013 1396 1092 1458 Vnae
1121 1395 1275 1458 insinuare

64 1506 153 1570 uolui
168 1513 202 1571 ut
210 1506 369 1590 siquidem,
382 1512 525 1592 quantum
538 1507 680 1570 colimure
695 1525 817 1590 possum
829 1505 1021 1568 DnemVram
1029 1505 1093 1586 jam
1105 1502 1148 1566 ad
1160 1504 1281 1567 aulam

65 1614 322 1680 Borussicam
349 1621 597 1699 praesentem
625 1634 716 1678 esse
745 1612 895 1678 credam
922 1617 1045 1676 tamon
1073 1632 1165 1684 eam,
1192 1631 1281 1695 quarn

67 1721 156 1794 alibi,
174 1744 241 1794 eos,
258 1743 333 1806 quos
349 1743 414 1787 ere
427 1743 497 1787 esse
509 1721 690 1806 judicaverit
701 1721 863 1788 informare
876 1720 1006 1792 studeat,
1027 1724 1061 1784 ut
1078 1722 1156 1784 hanc
1175 1720 1279 1804 copia-

68 1851 139 1894 rum
157 1830 297 1914 ejusdem
313 1831 371 1894 Dni
387 1831 511 1895 Palatini
529 1830 775 1902 conductionem,
797 1830 829 1893 in
850 1848 974 1912 aequam
997 1833 1029 1893 et
1051 1827 1089 1892 de
1111 1829 1191 1893 omni
1210 1830 1280 1911 jure

67 1938 189 2002 licitam
202 1959 239 2002 ac
254 1940 482 2004 convenientem
494 1938 614 2004 Partem
626 1939 821 2022 interpretari
833 1938 936 2008 velint,
955 1956 1031 2020 quae
1047 1957 1105 2001 nec
1121 1936 1280 2001 amicitiam

68 2047 180 2112 blattis
198 2048 329 2112 Czareae
346 2047 560 2112 hloshoviticae
576 2046 698 2111 laedere
714 2052 816 2130 potest
837 2065 937 2129 neque
952 2043 1192 2129 Rempublicam:
1208 2044 1281 2128 quin

69 2157 132 2219 imo
151 2157 287 2221 hostes
304 2156 507 2222 eorundem
524 2154 724 2220 abstrahit
740 2154 784 2218 ab
801 2152 1061 2218 ulterioribus
1082 2152 1280 2216 turbulen-

68 2265 142 2328 tiis
162 2266 314 2330 intestinis
327 2264 534 2349 Reipublicae,
546 2263 765 2347 Dominumque
781 2263 946 2326 Palatinum
963 2261 1111 2346 privatum
1130 2262 1223 2327 milite
1243 2261 1280 2326 ad

71 2373 269 2456 pacationem
285 2372 430 2439 inducere
447 2377 578 2436 mentem
594 2391 716 2456 neque
731 2372 807 2436 Rex
823 2372 989 2436 Sueciae
1007 2374 1058 2435 aut
1073 2371 1173 2453 potius
1189 2371 1281 2434 Sta-

72 2481 233 2546 nislaus
257 2480 345 2565 quid
369 2500 564 2565 opponere
588 2484 720 2563 potest
742 2478 785 2543 de
806 2478 947 2543 militia
971 2478 1078 2561 quusi
1108 2481 1280 2542 extremo

73 2590 217 2672 exposita
244 2588 383 2653 Peniculo
411 2588 569 2672 alienaque
603 2593 808 2672 acceptare
834 2587 997 2652 servitia
1030 2585 1165 2656 volenti,
1201 2604 1279 2668 quae

74 2698 336 2781 opportunissime
353 2697 440 2762 uobis
456 2716 559 2760 eorum
580 2697 728 2778 affulgens
747 2696 866 2760 occasio
879 2695 949 2759 dum
965 2693 1095 2760 omnium
1111 2698 1282 2757 exterorum

74 2804 254 2889 Principum
270 2810 313 2870 tot
328 2805 478 2870 instantiis
495 2804 643 2868 solicitato
661 2803 768 2867 auxilio
786 2802 931 2874 destituti,
944 2808 1107 2866 extremam
1121 2805 1152 2864 et
1164 2802 1282 2885 Tyran-

76 2913 179 2976 nicam
201 2912 289 2996 plane
307 2913 466 2978 Generalis
484 2913 626 2977 Caesarei
642 2910 679 2975 ab
696 2911 816 2975 Haistor
837 2916 1011 2995 pateremur
1030 2909 1284 2994 persecutionem,

77 3022 162 3084 nulla
179 3021 296 3085 ratione
310 3020 579 3105 praetermittenda
596 3024 671 3090 erat,
685 3019 757 3083 hinc
772 3019 820 3083 vix
837 3017 1029 3100 cogitandum
1046 3024 1103 3089 est,
1120 3039 1212 3103 posse
1228 3017 1284 3080 ali-

78 3147 173 3214 quem
194 3131 272 3194 male
293 3129 332 3194 de
353 3131 411 3195 hoc
430 3129 579 3212 judicare.
620 3129 695 3212 Quia
716 3134 817 3193 tannen
838 3127 987 3208 contingit
1008 3126 1138 3190 subinde
1165 3126 1284 3188 aulam

76 3239 325 3304 Borussicam
337 3239 536 3302 difficiliorem
548 3259 619 3302 esse
632 3238 662 3300 in
674 3235 905 3320 praeoccupatis
912 3233 1032 3298 casibus
1046 3234 1191 3317 optimum
1202 3233 1284 3316 judi-

79 3367 204 3419 carem,
220 3347 247 3412 si
262 3348 299 3412 D.
310 3347 369 3412 Vra
385 3349 415 3410 in
431 3346 512 3409 aula
529 3345 734 3410 Borussiea
750 3349 783 3409 et
798 3342 877 3427 apud
891 3341 965 3406 alias
982 3362 1056 3405 suae
1072 3341 1238 3405 Serenitati
1254 3347 1286 3406 et

79 3455 169 3520 uobis
179 3456 314 3520 faventes
322 3455 445 3519 efficere
452 3458 567 3538 posset,
575 3451 829 3538 utquodammodo
839 3451 924 3516 aulae
932 3448 1283 3522 Caareaeinsinuaretur,

82 3564 164 3648 quod
180 3564 334 3646 negotium
346 3564 453 3634 hocce,
469 3561 677 3626 conductionis
693 3560 815 3625 militiae
830 3559 955 3623 Palatini
967 3557 1157 3642 Kyorieusis,
1174 3558 1284 3620 nullam

82 3672 241 3736 Ammitiae
256 3692 329 3756 prae
346 3693 380 3736 se
393 3673 472 3736 serat
485 3670 730 3735 contrarietatem
746 3687 873 3751 neque
889 3665 1099 3731 conuenire
1116 3667 1197 3729 Suae
1209 3665 1286 3730 bitti.

84 3781 200 3844 Carene
221 3780 292 3845 hoe
320 3780 497 3844 auxilium
524 3777 673 3862 stipendio
701 3781 831 3840 nostro
853 3773 1076 3840 conductum
1100 3773 1283 3837 difficultare

84 3888 150 3952 ubi
166 3888 201 3950 vi
222 3892 411 3954 tractatus
433 3895 473 3952 et
494 3885 651 3972 propria
667 3904 825 3969 sperare
841 3882 1068 3946 deberemus
1090 3881 1171 3945 Suae
1186 3881 1287 3944 Mettis

85 3997 201 4060 Carene
225 3997 371 4061 auxilia
393 3995 667 4080 deceptionemque
689 3992 810 4057 Domini
832 3990 957 4055 Palatini
981 3993 1013 4052 et
1043 3990 1141 4054 locum
1166 3987 1289 4071 refugii,

86 4105 123 4167 de
136 4105 208 4189 jure
231 4104 370 4169 Gentium
387 4104 467 4168 inter
483 4103 739 4184 amicissimosquo
757 4105 788 4164 et
807 4099 1055 4182 Colligatissimos
1073 4116 1158 4161 suum
1173 4096 1288 4160 habere

85 4212 195 4284 locum,
219 4234 318 4297 neque
339 4217 507 4296 potestant
530 4210 621 4275 debet
643 4209 795 4272 Proleetio
817 4208 893 4271 haec
918 4226 973 4290 pro
995 4205 1136 4269 odensiva
1162 4203 1287 4288 quadam

85 4321 280 4386 Proleetioue
301 4321 396 4390 sumi,
419 4320 552 4404 seposita
568 4319 646 4384 euim
665 4317 830 4382 hostilitate
847 4315 965 4379 exulem
989 4317 1163 4398 praesentat
1179 4330 1290 4374 recon-

88 4428 272 4494 ciliationem
289 4429 335 4493 sui
352 4429 550 4493 anhelantem.
586 4426 772 4492 Crediderim
790 4423 939 4510 equidem,
956 4423 984 4486 si
999 4443 1036 4486 ex
1050 4420 1115 4484 aula
1128 4417 1289 4483 Borussiea

88 4559 197 4602 sensus
205 4537 354 4602 hichulae
363 4537 601 4602 Czareaehiattis
611 4539 824 4619 exponeretur,
833 4553 889 4618 per
897 4529 1289 4596 soumibidemesistentem

118 4647 218 4692 ronta.
235 4645 304 4690 notu,
317 4645 343 4692 n.
360 4646 401 4691 aa.
413 4646 480 4690 unu,
1035 4635 1052 4690 o
