3117 5084
315 334 386 406 122

307 529 473 592 possemus.
507 512 669 576 Assecurat
690 507 840 574 antefatus
863 507 975 572 'l'alaba
999 509 1080 574 Suae
1104 509 1239 573 Crareae
1268 507 1428 590 blajestati
1454 527 1512 572 aes

309 616 498 700 displicuisse
513 620 590 686 banc
606 618 855 702 propositionem,
873 637 949 702 quae
963 618 1035 681 nulli
1047 623 1170 702 praeter
1182 616 1334 681 Golorkin
1345 622 1380 678 et
1392 615 1515 680 Saliroi

309 727 522 792 communicata
537 728 603 800 fuit,
619 728 678 793 im'o
695 727 786 790 Suam
799 725 943 790 Caaresm
956 725 1146 810 blajestatem
1161 725 1214 790 ubi
1230 725 1297 810 quis
1308 725 1513 788 aSereuitste

309 835 414 900 Vestra
431 835 468 900 ad
483 836 540 900 hoe
557 840 676 901 secrete
693 834 907 918 negotiandum
924 835 1051 900 emissus
1068 835 1161 898 fuerit
1176 835 1207 896 in
1218 835 1401 898 Tractatum
1418 833 1513 895 inm·

308 949 403 1008 tnram
418 944 505 1009 modo
522 945 678 1012 Serenitas
692 945 715 1009 V
727 952 737 977 ·
758 945 874 1026 Regem
887 943 1003 1008 Galliae
1021 943 1059 1008 ad
1071 942 1235 1010 Colendum
1246 942 1338 1008 Crari
1350 941 1514 1006 amicitia·

309 1049 501 1136 disposuerit.
698 1063 700 1068 ’

397 1159 471 1241 Quia
485 1179 557 1224 vcro
574 1159 632 1225 boc
648 1159 802 1242 negotium
814 1159 940 1226 arduum
950 1159 1029 1224 male
1041 1159 1219 1242 dispositum
1231 1157 1341 1222 animis
1353 1157 1513 1220 1111111111-

307 1285 371 1332 rom
388 1270 520 1350 optatum
535 1267 681 1335 lieentum
697 1267 800 1332 sortiri
813 1267 934 1332 minime
950 1270 1072 1350 posset¹
1096 1267 1271 1332 necessario
1291 1270 1381 1349 putat
1398 1264 1512 1329 'salaba

309 1380 342 1438 ut
364 1374 519 1440 serenitas
542 1375 591 1440 Ψ·
613 1375 651 1440 ad
675 1395 728 1440 eos
750 1373 945 1457 obligandos,
969 1375 1103 1459 Principi
1124 1373 1282 1438 blenrikov
1304 1372 1464 1438 Golorkin
1486 1381 1514 1435 et

309 1481 431 1546 Saliroll'
444 1482 567 1548 cuilibet
581 1503 637 1568 per
649 1482 767 1547 Gradus
783 1483 886 1547 vinem
904 1481 1092 1548 Tolaicnses
1103 1481 1239 1546 Fiscales
1256 1487 1289 1545 et
1303 1481 1512 1545 modalitatem

309 1589 346 1652 ad
362 1610 413 1654 eas
431 1591 610 1658 excolendas
628 1612 664 1656 ex
680 1592 804 1676 proprio
820 1596 903 1658 motu
919 1591 1057 1657 conterat
1069 1594 1101 1655 et
1116 1590 1259 1660 ennittat,
1272 1590 1333 1654 boc
1344 1588 1512 1654 Serenitati

310 1698 368 1760 Ψ··
385 1703 416 1761 et
430 1701 534 1781 Regno
552 1699 624 1763 nihil
641 1699 851 1783 praejudicare
873 1719 981 1785 posse,
1004 1703 1183 1764 conseruata
1207 1698 1289 1765 enim
1303 1698 1414 1762 taliter
1428 1699 1512 1762 1111-

308 1806 392 1888 garia
411 1811 442 1872 et
457 1808 688 1892 Transsylsania
700 1809 837 1892 Regnum
853 1807 998 1874 aduenire
1014 1826 1106 1892 posse
1121 1806 1219 1870 media
1235 1806 1273 1870 ad
1290 1805 1514 1870 contestandos

307 1933 371 1987 eos,
381 1934 503 1998 quorum
514 1914 619 1980 niueae
632 1915 710 1980 dono
722 1915 811 1986 datae
823 1915 944 1988 fuerint,
953 1916 1081 2000 perditis
1093 1935 1178 1989 raro,
1191 1914 1273 2002 quod
1283 1915 1370 1978 Deus
1381 1919 1512 1984 avertat,

308 2023 444 2088 omuibus
460 2023 566 2088 melius
583 2043 652 2088 esse
670 2028 704 2088 nt
719 2025 808 2092 caari
823 2025 920 2090 nostri
934 2025 1034 2092 Allieti
1058 2031 1090 2090 et
1105 2025 1291 2091 Protectoris
1308 2022 1447 2086 Ministn'
1462 2041 1513 2084 eas

308 2131 409 2196 vineas
426 2136 615 2206 conseruent,
632 2137 663 2196 et
679 2131 717 2196 ob
734 2153 786 2196 eas
798 2132 856 2198 sibi
869 2132 994 2198 collatas
1012 2138 1044 2198 et
1063 2139 1126 2200 tum
1137 2132 1303 2199 Serenitati
1314 2131 1379 2196 Ψ··
1397 2130 1512 2195 sinceri

308 2244 459 2314 marcaon
484 2240 542 2304 boc
564 2241 643 2304 enim
665 2247 782 2304 certum
803 2246 869 2314 est,
891 2262 944 2306 eos
961 2242 1042 2308 lacto
1058 2242 1119 2306 hoc
1134 2241 1282 2324 praemio,
1298 2240 1401 2304 omnia
1418 2259 1512 2324 qnae·

308 2367 433 2432 cumque
456 2349 623 2432 potuerint,
644 2369 700 2433 pro
723 2351 897 2415 Serenitate
914 2351 963 2416 Ψ·
985 2355 1017 2414 et
1037 2351 1188 2433 llungaria
1210 2350 1362 2422 tacturos,
1384 2349 1511 2432 exprimi

310 2455 387 2520 enim
403 2476 462 2521 non
477 2461 579 2540 potest
595 2476 687 2530 amor,
705 2477 794 2542 quem
808 2478 863 2543 pro
880 2458 948 2523 rino
961 2459 1133 2542 llungarico
1149 2456 1278 2530 habent;
1294 2457 1511 2522 Necessarium
1556 2536 1557 2559 Χ

310 2565 433 2649 insuper
456 2586 526 2630 esse
551 2566 662 2630 Talaba
686 2567 851 2641 existimat,
879 2574 911 2633 ut
933 2569 1091 2633 serenitas
1114 2567 1224 2632 Vestra
1249 2566 1417 2650 sepositis,
1440 2586 1557 2652 quas
1556 2570 1557 2615 l

310 2673 424 2738 habere
450 2678 555 2757 posset
581 2695 654 2760 erga
679 2676 850 2759 Principem
870 2675 1030 2743 blenaikov
1058 2675 1250 2747 diffidentiis,
1277 2675 1345 2762 ejus
1368 2675 1512 2740 allectum
1556 2702 1557 2779 p

311 2785 412 2865 captet
428 2787 459 2845 et
473 2783 603 2848 Titulum
620 2783 824 2856 serenissimi,
843 2803 933 2870 quem
945 2804 1049 2850 omnes
1061 2783 1218 2868 potentiae
1230 2782 1312 2854 dant,
1324 2781 1438 2849 Eidem
1451 2781 1512 2848 dari
1555 2772 1557 2863 l

311 2887 525 2972 benignissime
541 2895 642 2966 curet3
660 2892 740 2956 llaec
757 2898 838 2965 sunt,
854 2913 914 2977 que
929 2912 1021 2976 saepe
1038 2893 1135 2957 dictus
1151 2891 1224 2956 mihi
1239 2890 1355 2956 retulit.
1555 2956 1556 2967 ,

403 2999 560 3064 Caeterum
576 2999 740 3064 secundom
758 3001 926 3067 mundatum
939 3002 1121 3068 Serenitatis
1130 3001 1189 3066 Ψ··
1207 3000 1295 3066 adest
1314 2999 1510 3066 Architectus
1555 2978 1556 3039 l

312 3106 479 3181 Schrantz,
502 3109 552 3192 qui
573 3108 791 3190 benignissime
812 3110 991 3177 Serenitatis
1008 3110 1067 3175 Ψ··
1089 3109 1228 3182 mandata
1250 3114 1410 3196 expectem
1428 3107 1510 3195 Quod

313 3237 385 3282 vcro
402 3219 439 3283 ad
451 3218 642 3282 humillimam
652 3219 828 3282 instantiam
839 3218 870 3284 iu
888 3219 1055 3286 inclusione
1066 3219 1231 3286 Relatibnis
1249 3218 1369 3290 attinet,
1390 3237 1511 3302 semper

312 3326 343 3391 in
366 3347 421 3400 eo,
449 3325 527 3411 quod
551 3326 729 3393 serenitatis
752 3328 811 3393 Ψ··
833 3326 1012 3410 benignitati
1039 3329 1205 3414 placuerit,
1234 3326 1509 3412 obsequentissime

313 3453 512 3518 ncqmescam.

881 3599 935 3662 52.

359 3742 586 3809 Sohreiben
609 3742 817 3828 lltkdczy's
841 3764 887 3806 an
911 3742 986 3806 den
1009 3741 1138 3826 Kbnig
1161 3761 1233 3806 ron
1256 3741 1464 3806 Prenssen.

747 3867 1065 3953 30.Aug.1710.

314 4014 457 4099 Princeps
480 4015 520 4078 ad
547 4033 651 4098 regem
680 4013 841 4078 Borussiae
869 4013 909 4076 de
935 4011 1005 4076 dato
1034 4013 1200 4084 Szerents,
1224 4011 1278 4075 30.
1301 3979 1382 4095 lug.
1409 4011 1505 4076 talo.

529 4174 736 4242 Serenisso'mc
752 4198 793 4242 cc
805 4174 1024 4264 potentissimo
1039 4173 1123 4238 rex!

405 4306 507 4370 Status
528 4306 644 4388 patriae
664 4325 750 4370 meae
770 4305 875 4368 inlelix
897 4307 928 4368 et
947 4302 1027 4366 omni
1044 4299 1306 4364 commiseratione
1322 4298 1434 4382 0131111
1450 4309 1505 4364 tam

316 4418 403 4476 notus
419 4417 468 4478 est
483 4413 632 4495 llajestati
647 4413 774 4478 Vestrae
797 4411 876 4500 qvod
898 4411 968 4480 anni
983 4413 1181 4494 praetereunt
1196 4429 1214 4472 a
1230 4427 1287 4492 qvo
1303 4407 1506 4492 magnanimus

314 4522 480 4604 lllajcstatis
496 4521 624 4586 Vestrae
645 4521 758 4588 anbnus
784 4540 841 4608 qvo
863 4541 911 4585 mc
933 4519 1118 4604 patriamqne
1132 4536 1230 4580 meam
1245 4521 1373 4600 paterne
1389 4536 1506 4600 semper
