3117 5084
300 341 377 414 146

299 520 330 580 et
345 517 404 582 frui
420 535 540 601 semper
556 518 632 582 etin
648 522 828 602 perpetuum
846 520 973 586 liberum
989 542 1025 586 ae
1041 523 1155 591 licitum
1171 522 1211 587 sit
1225 521 1284 589 boe
1296 543 1441 608 expresse
1457 544 1496 588 ex

296 626 441 709 singulari
463 629 565 690 nostra
589 625 747 690 clementia
769 626 870 693 addito
893 650 946 694 eos
968 635 1093 696 cunctos
1109 631 1346 696 continuaturam
1361 639 1495 698 noemam

297 740 329 797 et
350 753 559 799 successorum
582 740 751 800 nostrorum
774 756 896 821 scalper
922 744 1103 823 experturos
1125 739 1239 822 regiam
1266 740 1495 824 benignitatem

296 840 329 905 ln
351 861 475 926 qnorum
497 843 586 908 tidem
608 845 764 929 majusque
785 845 880 911 robur
902 853 1082 931 praesentes
1105 853 1225 912 metrae
1247 850 1367 933 propria
1389 855 1495 914 nostra

295 951 381 1033 regia
398 950 619 1036 subscriptione
635 952 816 1018 firmauimus
833 959 864 1019 et
879 961 985 1021 nostro
1001 957 1088 1040 regio
1104 956 1206 1040 sigillo
1221 956 1328 1020 muniri
1343 962 1376 1021 et
1391 962 1494 1022 extra-

296 1059 360 1122 dari
381 1061 535 1143 jussimus.
580 1061 662 1144 Quae
683 1060 831 1125 dabantur
853 1061 997 1128 Coloniae
1023 1063 1061 1128 ad
1080 1063 1208 1147 Spream
1230 1063 1278 1128 die
1300 1065 1354 1130 21.
1381 1065 1495 1129 mensis

295 1165 439 1232 februarii
456 1169 525 1233 anni
540 1191 557 1233 a
572 1176 641 1234 nato
659 1167 779 1234 Christo
796 1167 947 1237 ccccxl
961 1176 993 1236 et
1007 1171 1107 1256 Regni
1123 1172 1218 1237 nostri
1233 1173 1281 1236 xl.

1048 1335 1222 1400 Friderieus
1238 1335 1272 1400 u.

1255 1478 1376 1562 ligem

329 1561 429 1636 (Cepis
441 1581 492 1619 vnn
504 1564 655 1620 lllemant's
667 1563 768 1637 Hand.)

867 1801 920 1866 69.

293 1943 480 2026 Rescript
510 1941 578 2005 der
606 1943 806 2026 Konigin
837 1962 908 2007 ron
937 1941 1114 2026 England
1145 1963 1190 2006 aa
1221 1943 1321 2007 bord
1352 1943 1490 2008 Peter-

568 2049 763 2134 bcrough‚
788 2050 1009 2116 Gesandten
1031 2051 1068 2115 in
1090 2049 1207 2116 Wien.

718 2174 1048 2264 senonensia).

292 2319 443 2390 Reginae
462 2317 605 2390 Angliae
623 2317 827 2390 rescriptum
840 2318 1012 2374 adliilord
1029 2318 1364 2390 Peterburgiumper
1377 2324 1489 2375 status

598 2410 829 2466 secretarium
848 2411 876 2465 S.
895 2412 994 2473 Jean,
1014 2409 1057 2464 13.
1077 2411 1169 2464 Febr.

379 2573 597 2638 Deficientibus
621 2574 653 2637 in
678 2573 743 2638 dies
766 2573 798 2638 ia
814 2573 956 2658 Hispania
980 2574 1112 2656 negotiis
1140 2577 1173 2637 et
1194 2577 1282 2656 capta
1296 2570 1422 2636 Geram
1438 2569 1491 2656 (l)

293 2683 434 2766 Baliager
457 2688 490 2746 et
513 2683 579 2746 aliis
605 2683 729 2747 minoris
756 2683 898 2747 momenti
926 2681 1000 2746 loeis
1026 2702 1084 2766 per
1106 2679 1307 2762 Staremberg
1333 2680 1493 2750 derelicta.

291 2792 496 2856 necessarium
509 2796 556 2855 est
568 2796 600 2854 ut
611 2790 647 2855 V.
660 2790 695 2854 E.
710 2810 746 2854 eo
763 2790 860 2874 magis
873 2789 1035 2854 Caesarem
1054 2789 1093 2854 ad
1104 2787 1410 2854 accommodationem
1422 2807 1492 2850 cum

290 2899 368 2963 duce
385 2898 553 2965 Sabaudiae
570 2903 600 2964 et
616 2898 765 2980 ilungaris
781 2903 900 2982 urgeat,
916 2904 1121 2964 remonstrare
1136 2897 1248 2962 ibidem
1268 2896 1389 2980 placeat
1409 2896 1491 2959 inse-

291 3007 379 3074 licem
391 3009 470 3072 illius
485 3007 642 3072 ministerii
655 3006 806 3090 politicam
817 3007 849 3071 in
862 3026 952 3070 causa
964 3025 1035 3072 esse
1045 3005 1125 3093 qnod
1141 3004 1306 3070 felicissimi
1320 3004 1492 3068 alliatorum

291 3135 473 3202 progressus
498 3115 608 3199 ubique
631 3114 669 3180 cb
693 3115 823 3199 privatas
841 3115 1057 3180 caesareorum
1076 3135 1185 3180 causas
1205 3113 1341 3198 impediti
1363 3112 1490 3177 fuerint

291 3226 435 3308 Reginam
457 3225 592 3308 gaudere
617 3222 655 3286 de
677 3223 850 3288 imminente
865 3222 926 3288 fine
942 3222 1014 3288 belli
1029 3224 1209 3306 ilungariei.
1231 3221 1340 3288 sedet
1362 3239 1491 3306 sperare

291 3333 433 3398 ellectum
449 3333 596 3415 ejusdem,
612 3336 645 3396 ut
657 3331 768 3398 Caesar
784 3332 901 3396 eductis
917 3332 989 3398 inde
1004 3338 1064 3398 aaa
1079 3331 1248 3396 numerosis
1262 3330 1358 3415 capiis
1370 3330 1492 3395 Gallum

291 3442 328 3506 ad
344 3440 502 3505 ineundam
519 3459 624 3524 pacem
637 3439 817 3504 Generalem
833 3447 956 3524 urgeat,
973 3440 1177 3508 necessarium
1193 3460 1262 3506 esse
1274 3444 1309 3504 ut
1322 3459 1379 3505 sua
1392 3438 1492 3520 idaja·

291 3558 353 3614 stas
369 3571 429 3614 non
446 3550 541 3614 solum
557 3549 689 3614 militiam
702 3569 777 3633 qvae
790 3550 820 3614 in
832 3550 1004 3634 Hispaniam
1018 3549 1146 3614 mittitur
1160 3550 1310 3633 suppleat.
1325 3547 1384 3612 sed
1399 3546 1491 3612 suan

291 3662 377 3738 ntf'„
396 3677 471 3742 qvae
495 3659 526 3722 in
544 3659 626 3723 ltalia
642 3658 771 3722 militare
787 3657 933 3730 debeant,
953 3659 1026 3722 illuc
1049 3657 1190 3742 expediat
1204 3662 1237 3720 et
1248 3656 1387 3740 cogitare
1404 3657 1489 3727 velit,

292 3765 497 3830 necessarium
513 3785 582 3830 esse
595 3772 628 3832 ut
640 3767 733 3831 semel
745 3766 776 3830 in
788 3785 864 3830 onus
876 3765 948 3830 belli
959 3764 1115 3852 hucusqre
1126 3766 1164 3832 ab
1175 3767 1281 3848 Anglis
1293 3771 1325 3830 et
1335 3763 1489 3829 Hollandis

291 3873 364 3939 solis
380 3879 498 3955 gestum
515 3874 644 3938 sallerre
656 3875 753 3956 juvet,
765 3879 798 3938 et
810 3874 840 3936 in
855 3876 1040 3940 corbanum
1055 3879 1218 3960 expectare
1234 3873 1356 3944 debeat.
1371 3873 1399 3936 si
1413 3873 1490 3936 baec

292 4001 352 4046 non
363 3981 480 4054 lecerit,
494 3981 609 4048 alliatos
621 3983 680 4048 boc
695 4003 751 4046 seu
767 3981 1024 4046 renunciationem
1035 3983 1073 4048 ad
1083 3982 1287 4048 mnnmclniam
1298 3982 1488 4065 Hispaaicann

292 4096 518 4173 acceptatores,
548 4090 618 4156 dum
645 4089 826 4175 praesertim
848 4089 999 4172 Uagarica
1024 4111 1081 4175 pan
1102 4096 1135 4156 et
1154 4090 1326 4156 Sabandica
1347 4090 1488 4156 mediatio

292 4199 379 4263 unica
403 4198 463 4262 sint
483 4198 579 4263 media
600 4198 638 4265 ad
659 4197 861 4262 restituendas
883 4197 1019 4264 labantes
1034 4199 1201 4264 alliatorum
1217 4219 1279 4264 res.
1309 4197 1488 4264 incumbere

291 4307 389 4390 itaque
403 4307 437 4369 V.
447 4307 482 4370 Ε.
496 4313 529 4372 ut
540 4307 615 4370 baec
628 4326 714 4391 qaam
725 4305 877 4370 vivissirne
889 4312 1102 4388 repraesentet
1112 4305 1252 4372 addendo
1264 4306 1403 4390 reginam
1414 4325 1487 4372 sanc

293 4433 329 4476 en
344 4413 450 4478 borum
466 4415 644 4480 executione
660 4414 800 4486 visuram,
816 4418 916 4478 unum
931 4414 1045 4480 Caesar
1059 4415 1181 4482 sincere
1203 4433 1391 4480 commanem
1416 4432 1486 4480 cau·
1546 4420 1547 4485 l

291 4541 354 4586 sam
369 4541 548 4607 promovere
564 4524 674 4608 cupiat.
