3117 5084
1167 361 1242 434 105

41 541 118 620 agat
134 541 169 601 et
193 537 360 603 concludat.
399 537 472 601 Cum
488 557 560 602 uero
577 535 614 602 ad
630 557 665 600 ea
682 537 865 603 commodius
881 543 913 602 et
927 558 1040 602 summa
1056 559 1123 603 cum
1138 538 1243 602 dexte·

40 647 138 710 ritate
160 651 286 732 parique
310 647 369 712 lide
391 647 579 732 exoperauda
603 647 975 713 reverendissimum
998 649 1243 714 Dominicum

41 756 755 841 BrenncrabbatemetPrepositum
771 757 1245 842 Scepusiensemdestiuare

41 871 77 928 et
95 865 243 949 expedire
258 867 353 930 uisum
368 866 460 930 luerit
475 885 529 950 pro
545 865 713 931 directione
724 866 939 930 Dominationis
951 866 1077 932 Vestrae
1088 867 1245 932 notifican-

41 973 119 1038 dum
145 974 230 1047 duxi,
254 980 287 1040 ut
302 995 368 1039 cum
383 975 474 1040 totius
490 976 702 1059 negotiationis
718 975 915 1040 directionem
930 976 1065 1060 praelato
1088 977 1244 1040 domino

41 1083 191 1147 abbati
208 1082 409 1148 concreditam
422 1105 490 1150 esse
502 1085 630 1150 uoluerit
644 1085 926 1149 serenissimus
942 1085 1150 1170 Princeps,
1166 1086 1246 1150 idem

42 1191 216 1257 tamenab
238 1213 372 1258 munus
395 1213 503 1258 suum
526 1193 789 1258 sacerdotale
812 1192 912 1277 apud
932 1194 1247 1279 alliatosprote·

45 1310 211 1370 stantes
227 1306 433 1390 potentias
449 1307 480 1369 iu
496 1306 695 1371 secundandis
710 1305 809 1389 Regni
823 1304 915 1369 rebus
931 1326 974 1369 ex
993 1306 1246 1371 lundomentc

50 1415 340 1480 manutenendi
367 1416 589 1498 religionis
617 1435 674 1480 uec
702 1416 798 1499 possit
824 1435 881 1479 uec
908 1416 1079 1480 condecens
1101 1417 1248 1488 uideatur,

51 1543 252 1608 quaecunque
274 1545 311 1587 ex
331 1525 360 1588 ui
374 1525 580 1590 lnstructionis
596 1545 669 1589 suae
685 1525 723 1588 ad
739 1523 960 1608 exoperandum
976 1525 1132 1590 commissa
1147 1525 1249 1597 habet,

48 1653 121 1697 euru
145 1632 377 1715 circumstantiis
398 1652 499 1698 rerum
523 1631 678 1718 hueusque
701 1637 889 1717 peractarum
906 1631 1004 1696 eidem
1020 1635 1249 1704 communicare,

48 1742 187 1808 consiliis
203 1739 338 1824 ejusdem
353 1743 407 1814 uti,
424 1763 460 1807 ac
475 1748 583 1807 cuncta
600 1741 697 1807 denuo
714 1763 791 1827 quae
807 1742 885 1826 apud
908 1749 1249 1827 praememoratas

49 1849 265 1935 potentias
288 1851 469 1933 negotiando
492 1856 671 1936 supersunt,
695 1871 762 1914 cum
783 1850 881 1915 lutura
898 1871 1001 1915 eorum
1016 1853 1199 1916 resolutione
1215 1872 1249 1915 uc

49 1961 118 2044 alijs
135 1959 419 2045 particularitatibus
443 1961 479 2025 ad
502 1965 602 2025 mutua
626 1959 774 2045 colloquia
795 1965 827 2024 et
842 1959 1105 2025 determinationes
1121 1962 1249 2032 reterre,

49 2090 226 2154 aesepro
243 2073 506 2156 negotiatore
523 2069 799 2134 eundemuero
822 2069 1249 2153 prodirectorcnego·

52 2181 243 2245 liationis
274 2201 497 2266 agnoscere
522 2181 611 2252 uelit,
644 2180 819 2263 noveritque
842 2179 1010 2243 Dominatio
1034 2179 1140 2244 Vestra
1162 2199 1250 2263 quam

52 2291 148 2354 eciam
176 2295 210 2355 vt
237 2291 274 2355 de
301 2292 452 2356 contentis
475 2289 685 2356 instructionis
711 2308 785 2352 suae
811 2289 877 2372 pari
904 2288 1144 2372 reciprocatione
1172 2288 1250 2352 idem

51 2399 234 2464 dominus
250 2400 371 2465 abbas
394 2399 525 2483 genuine
541 2398 681 2463 informet
697 2403 728 2461 ct
742 2397 834 2461 totius
850 2397 1024 2461 intentionis
1041 2398 1178 2461 nucleum
1194 2417 1249 2481 pro

50 2508 151 2571 lutura
169 2507 208 2572 ad
224 2507 434 2591 negotiandum
450 2526 517 2571 cum
532 2505 638 2570 alliatis
655 2505 795 2589 potentiis
812 2504 977 2570 directione
994 2505 1108 2589 aperiat
1122 2505 1153 2567 in
1165 2523 1248 2569 cam·

47 2616 148 2680 missis
164 2615 280 2680 habere
295 2615 415 2681 notifico
431 2614 553 2678 indubie
569 2635 730 2700 persuasus
742 2614 979 2678 Domiuationem
990 2615 1127 2679 Vestram
1143 2613 1249 2678 iutuitu

47 2746 108 2790 non
132 2731 250 2790 tautum
277 2745 349 2789 suae
372 2724 404 2787 in
426 2725 556 2789 tutorum
577 2723 797 2808 promovendae
821 2723 990 2807 condignae
1005 2723 1200 2807 promotionis
1216 2729 1248 2788 et

46 2835 274 2920 praemiationis
289 2833 343 2899 sed
360 2834 537 2917 pracsertim
553 2832 735 2896 afflictae
752 2832 876 2896 dulcis
892 2833 1042 2916 patriae
1058 2833 1119 2897 cui
1134 2833 1247 2896 fidem

47 2944 79 3010 ui
88 2950 168 3008 tam
182 2948 213 3007 et
225 2964 304 3008 omn
313 2943 347 3007 ia
361 2940 476 3006 debet
488 2942 524 3006 ad
536 2961 659 3025 scopum
671 2941 891 3025 tranquillitatis
904 2941 1107 3006 restituendae
1119 2961 1247 3006 concre-

46 3052 144 3116 ditum
155 3051 324 3116 albimanus
336 3051 414 3117 omni
423 3048 719 3135 potiorideuteritate
729 3055 955 3135 exoperaturam
968 3055 999 3114 et
1010 3052 1246 3115 secundatoram

47 3165 148 3245 Quem
164 3161 196 3224 in
210 3161 325 3244 reliquo
341 3160 420 3224 hene
436 3161 537 3223 ualere
554 3162 586 3222 et
600 3157 701 3223 felicia
717 3160 839 3243 quaeris
854 3160 955 3223 sortiri
966 3159 1116 3222 desidero.
1140 3160 1247 3224 Datum

48 3271 215 3336 Cassouiae
231 3271 280 3334 die
299 3269 349 3336 la.
365 3269 478 3333 Mensis
494 3268 564 3351 llaji
580 3270 664 3332 Anno
683 3267 779 3334 1710.

380 3397 553 3464 Generosos
570 3397 785 3462 Domiuutiouis
801 3397 928 3464 Vestrae

824 3508 943 3570 Amicus
960 3505 1095 3571 addictus

87 3615 252 3694 (Orlgtnal.)
726 3616 759 3682 C.
784 3616 821 3680 N.
846 3617 1044 3701 Bercseny
1066 3637 1104 3679 m.
1127 3639 1156 3702 p.

622 3800 677 3865 aa.
789 3877 796 3889 ⁴

263 3947 486 4015 Schreiben
509 3944 727 4011 lllement‘s
752 3965 796 4007 an
820 3943 1050 4027 Bercsenpi.

295 4077 339 4141 Ad
356 4076 389 4142 C.
407 4075 571 4159 Bercseuyi
588 4075 641 4137 26.
657 4073 725 4156 May
744 4070 841 4142 17¹0,
859 4072 1010 4140 Berclino.

148 4243 226 4325 Quas
243 4241 278 4304 ad
295 4241 446 4306 Seren”'¹·
462 4245 493 4303 et
507 4239 543 4302 Ε.
556 4239 591 4304 V.
609 4239 691 4320 llaga
712 4237 845 4300 feceram
867 4235 985 4300 ultimas
1005 4230 1055 4295 la.
1072 4230 1175 4316 aprilis
1198 4249 1250 4294 eas

57 4354 212 4436 hucusque
236 4350 411 4433 peruenisse
434 4348 560 4411 firmiter
580 4346 683 4411 credo.
714 4344 843 4428 Negotia
863 4345 895 4407 in
919 4341 1024 4406 eodem
1041 4343 1120 4403 statu
1135 4339 1251 4403 suntin

58 4481 114 4547 quo
138 4458 244 4524 eadem
266 4459 297 4523 in
320 4457 474 4522 llollaudia
495 4457 612 4541 reliqui.
656 4456 711 4519 llic
733 4455 764 4518 in
786 4456 852 4518 aula
872 4473 939 4517 mea
959 4449 1040 4515 linivi
1063 4453 1095 4511 ct
1115 4447 1190 4511 adeo
1213 4446 1250 4510 ad

59 4568 330 4636 communicandum
352 4573 385 4630 et
405 4566 569 4632 humillime
585 4563 776 4628 referendum
797 4583 833 4626 ea
858 4581 933 4646 quae
950 4579 1005 4645 pro
1021 4557 1139 4620 Patriae
1154 4557 1251 4622 salute
