3117 5084
1207 332 1280 404 221

88 516 122 574 ut
138 510 219 573 omni
234 514 345 573 conatu
360 510 391 571 in
409 528 445 572 eo
462 508 516 571 sim
534 528 591 591 qvo
609 512 705 572 status
721 506 905 571 secretarius
918 526 983 570 rom
999 507 1124 571 consilio
1141 513 1288 590 proponat

86 618 127 681 ol)
142 622 280 682 teneram
296 617 494 681 valetudinem
510 616 622 701 aliqvot
637 615 743 679 diebus
760 615 840 679 domi
855 634 904 678 mc
921 610 1077 680 continere
1102 616 1208 686 debui,
1231 614 1286 679 sed

86 727 303 811 qvamprimum
324 726 405 790 vires
426 727 611 809 permisere,
633 730 813 809 praesentes
834 725 872 787 ad
888 726 973 789 Dom.
991 726 1036 789 St.
1053 724 1132 789 John
1149 729 1285 788 secreta-

85 836 164 900 rium
186 835 272 908 dedi,
300 854 335 899 ac
356 836 443 899 simul
465 833 585 898 domino
607 834 760 898 Robinson
783 835 1005 900 communicavi.
1048 834 1104 897 llic
1127 834 1171 899 vir
1198 835 1285 917 plane

85 945 228 1029 politicus
250 944 431 1007 christianos
451 962 515 1006 rem
539 943 665 1007 oonsilio
693 943 820 1025 reginae
848 962 905 1025 per
931 940 1050 1007 modum
1077 943 1286 1024 interrogandi

84 1055 264 1138 proposuit,
281 1054 370 1117 etuti
386 1052 424 1116 alo
441 1053 548 1116 eodem
564 1052 718 1123 informor,
735 1052 893 1135 opiniones
910 1046 1023 1115 divisae
1047 1053 1151 1124 luere;
1174 1051 1230 1115 sed
1252 1056 1284 1115 ut

84 1162 124 1225 ad
141 1160 237 1226 dictas
252 1162 368 1225 litteras
380 1160 512 1233 redeam,
526 1160 667 1224 ellectum
678 1179 764 1224 soum
776 1158 911 1223 habuere
925 1165 955 1224 ct
966 1160 1056 1223 hodie
1069 1164 1163 1223 status
1177 1178 1283 1223 secre-

83 1270 196 1334 tarium
208 1270 381 1353 primariae
394 1270 522 1334 conveni
532 1289 568 1331 ac
580 1268 764 1351 argumentis
776 1268 813 1331 ab
827 1268 1041 1349 utili‚glorioso
1054 1272 1085 1331 et
1098 1268 1283 1333 conscientia

85 1379 300 1441 necessitatem
315 1383 347 1441 ct
362 1397 468 1441 causas
485 1377 594 1442 deduxi
606 1396 680 1460 qvae
692 1375 829 1458 reginam
841 1376 1005 1439 Brittanniae
1017 1374 1054 1439 ad
1066 1378 1282 1459 protegendam

84 1506 209 1551 causam
224 1491 255 1550 et
268 1486 393 1549 dandam
405 1489 606 1568 categoricam
617 1486 832 1549 resolutionem
842 1485 986 1547 inducere
999 1483 1120 1549 debent
1145 1486 1285 1550 Promisit

84 1615 121 1658 se
144 1594 246 1658 futuro
269 1594 318 1657 die
339 1594 428 1659 lunae
451 1595 483 1657 in
504 1594 630 1658 consilio
652 1593 777 1677 reginae
802 1594 877 1658 haec
899 1593 1133 1677 propositurum.
1164 1593 1285 1657 Addidit

84 1724 138 1767 res
155 1703 242 1767 Caari
259 1707 291 1766 et
302 1704 336 1766 S.
349 1703 385 1766 V.
402 1701 489 1768 valde
505 1703 672 1767 immutatas
689 1722 769 1774 esse,
781 1703 812 1765 in
825 1702 882 1766 hoc
899 1702 1023 1766 cardine
1035 1707 1171 1768 versatur
1186 1721 1283 1784 nego-

83 1812 171 1878 tiatio
187 1811 323 1896 pluribus
334 1830 422 1896 qvam
433 1812 493 1875 ulla
505 1810 694 1896 praecedens
705 1810 836 1875 involuta
849 1808 1074 1875 difficultatibus
1086 1814 1118 1873 et
1129 1810 1282 1894 periculis.

83 1920 282 1985 Advenerunt
296 1940 394 2005 nuper
410 1941 446 1984 ex
461 1920 557 1985 Gallia
573 1920 666 1985 abbas
683 1921 721 1984 de
737 1920 881 2003 Pelignac
896 1924 928 1983 et
943 1920 1086 1983 Dominus
1103 1919 1132 1983 le
1145 1919 1222 1983 Gosc
1234 1920 1284 2002 qvi

85 2032 117 2099 s.
131 2030 221 2113 hujus
238 2050 293 2114 per
303 2029 460 2094 Dominum
476 2030 522 2093 St
539 2029 616 2094 Jean
632 2030 710 2114 apud
726 2030 862 2113 reginam
878 2028 1040 2093 introducti
1057 2048 1125 2093 cum
1139 2028 1282 2092 ministris

85 2140 229 2203 conterre
244 2139 458 2222 incoeperunt;
475 2157 536 2202 non
550 2139 616 2202 sine
631 2138 825 2203 fundamento
840 2136 1017 2222 supponitur
1026 2140 1186 2201 nanctum
1198 2136 1282 2220 pacis

85 2246 137 2309 hic
152 2246 321 2311 institutum
336 2246 373 2308 iri
390 2244 428 2309 oh
445 2246 632 2310 aversionem
648 2249 732 2329 regis
749 2246 865 2311 Galliae
882 2250 986 2310 contra
1001 2244 1180 2316 Rodandos,
1198 2249 1230 2307 et
1245 2265 1282 2307 ex

85 2360 174 2438 parte
190 2374 293 2419 eorum
308 2354 406 2418 indies
421 2354 565 2419 Dominus
589 2356 627 2418 de
642 2356 771 2419 Buissen
795 2359 981 2439 expectatur.
1020 2353 1131 2419 Volunt
1153 2352 1282 2437 qvidam,

80 2465 166 2548 jacta
183 2463 246 2546 jam
267 2482 337 2527 esse
359 2464 550 2528 fundamenta
573 2464 878 2548 praeliminariorum,
901 2467 933 2527 ct
949 2482 1028 2527 nunc
1051 2462 1147 2527 solum
1169 2462 1219 2545 agi
1242 2461 1280 2525 de

88 2571 295 2655 aequivalente
311 2592 368 2656 pro
383 2572 524 2656 Hispania
541 2591 616 2657 qvae
631 2573 768 2657 Philippo
790 2592 913 2635 manere
936 2570 1047 2635 debeat
1070 2575 1101 2634 et
1123 2570 1162 2635 de
1187 2568 1288 2633 debita

87 2680 248 2764 anglorum
270 2680 477 2744 satisfactione
498 2701 533 2745 ac
556 2699 659 2745 eorum
682 2681 856 2745 commercii
878 2680 1042 2745 securitate
1059 2680 1097 2743 de
1115 2676 1220 2763 qvibus
1237 2677 1288 2741 ubi

87 2792 271 2853 conventum
286 2788 377 2853 fuerit
392 2808 449 2872 pax
464 2787 553 2853 facile
569 2790 730 2861 coalescet,
748 2790 838 2853 alliati
851 2808 911 2852 non
924 2788 990 2852 sine
1003 2808 1091 2851 causa
1104 2806 1168 2850 eam
1183 2791 1288 2870 optare

87 2895 240 2962 videntur.
272 2898 333 2961 lies
355 2896 507 2961 Gallorum
528 2898 692 2962 inmeliori
710 2901 790 2962 statu
808 2898 972 2961 existentes
990 2916 1074 2981 qvam
1091 2901 1161 2960 ante
1178 2896 1289 2980 aliquot

88 3025 203 3077 annos,
231 3025 268 3068 ex
296 3005 459 3089 provinciis
481 3006 560 3070 enim
586 3006 736 3069 indiarum
757 3004 985 3069 occidentalium
1016 3005 1084 3088 regi
1105 3004 1219 3067 Galliae
1250 3004 1288 3067 alo

88 3114 232 3199 Hispania
254 3115 350 3178 cessis
371 3115 473 3199 qvovis
496 3134 573 3179 anno
596 3115 808 3179 mancones
832 3114 1028 3199 imperialium
1055 3114 1219 3178 obveniunt
1240 3114 1288 3196 qvi

88 3228 215 3308 praeter
228 3223 344 3288 reditus
360 3224 526 3288 ordinarios
538 3229 570 3289 et
581 3225 788 3309 impositiones
800 3224 870 3307 regi
881 3222 995 3288 Galliae
1008 3224 1044 3287 ad
1057 3222 1287 3289 continuandum

89 3332 201 3416 ubique
223 3331 389 3397 efficaciter
410 3332 521 3397 bellum
543 3334 711 3406 sufficiunt,
738 3339 770 3398 et
792 3332 938 3418 siqnidem
959 3332 1068 3416 ubiqve
1089 3331 1122 3403 in
1146 3329 1288 3395 limitibus

89 3441 154 3506 sois
170 3439 282 3505 bellum
305 3442 402 3524 gerit,
427 3440 599 3506 circulatio
615 3442 677 3507 suis
694 3442 857 3527 provinciis
873 3442 1002 3526 pecunia
1019 3460 1104 3526 pam
1120 3460 1176 3523 per
1191 3440 1289 3523 impo-

89 3550 216 3613 sitiones
243 3550 308 3613 aula
336 3550 374 3613 ad
400 3570 436 3614 se
459 3570 577 3614 rursum
600 3550 748 3634 pertrahit
771 3556 804 3615 et
827 3550 985 3635 Hispanias
1008 3570 1064 3634 per
1086 3550 1289 3614 continentem

90 3658 181 3723 facile
192 3658 300 3739 juvare
317 3662 427 3742 potest.
458 3659 522 3723 lllia
537 3661 614 3725 ratio
631 3665 678 3724 est
693 3661 878 3732 alliatorum,
900 3679 1004 3723 eorum
1026 3659 1205 3723 commercia
1230 3676 1288 3719 non

90 3768 219 3838 dorent,
230 3786 346 3830 aurum
360 3766 487 3850 Angliae
503 3769 581 3840 exit,
605 3768 660 3833 sed
680 3790 740 3833 non
756 3769 852 3842 redit,
870 3788 944 3833 arnus
966 3768 1053 3832 miles
1071 3769 1102 3831 in
1118 3767 1289 3851 Hispaniam

90 3876 199 3939 masos
220 3876 316 3957 magis
338 3880 456 3940 constat
479 3896 566 3960 qvam
588 3877 629 3941 lli
647 3896 720 3961 qvos
736 3898 791 3940 rex
807 3878 920 3942 Galliae
935 3877 1007 3940 illuc
1024 3876 1153 3961 expedit.
1187 3875 1290 3940 Videri

90 3981 212 4067 qvidcm
227 3986 340 4066 posset,
358 3983 495 4047 Carolum
512 4004 591 4049 nunc
606 3990 755 4049 tantarum
770 3986 989 4071 provinciarum
1004 3983 1169 4047 haeredem
1180 3984 1289 4066 Hispa-

90 4092 155 4155 nias
179 4091 267 4156 l'acilc
290 4092 499 4165 reducturum,
521 4093 577 4157 sed
599 4100 788 4177 agnoverunt
809 4095 899 4158 alliati
924 4093 1042 4157 domum
1060 4092 1236 4157 austriacam
1252 4092 1289 4155 iis

91 4221 167 4266 onus
190 4202 264 4267 belli
284 4204 457 4287 relinqvere
478 4203 575 4276 velle,
603 4208 635 4267 et
654 4224 695 4267 ne
718 4204 780 4269 sors
803 4222 858 4287 per
881 4202 911 4266 id
934 4220 1037 4265 eornm
1065 4199 1289 4265 enervationem

90 4330 240 4395 qvaerere
268 4311 388 4376 accedit
414 4316 446 4377 et
474 4313 532 4377 hoc
554 4312 633 4397 qvod
659 4314 794 4396 persnasi
823 4313 884 4376 sint
906 4311 1063 4395 Hispanias
1094 4329 1150 4393 per
1180 4308 1291 4372 nullam

89 4420 309 4483 revolutionem
324 4420 380 4482 sed
396 4425 501 4503 aperto
516 4420 672 4503 subjugari
689 4420 804 4485 debere
821 4440 895 4504 qvae
908 4419 1006 4482 omnia
1016 4417 1133 4481 maximi
1146 4414 1290 4500 ponderis

89 4532 269 4612 argumenta
284 4526 406 4591 suntad
422 4528 658 4593 concludendam
673 4530 776 4614 aeqvis
794 4525 1013 4593 conditionibus
1034 4546 1149 4610 pacem.
1183 4524 1289 4588 llilord
