3117 5084
654 320 755 393 28

651 497 903 563 statibus
935 499 1242 564 catholicis
1275 519 1464 583 aeqve
1495 519 1566 563 ac
1597 499 1976 584 evangelicis.
2026 498 2113 563 Ibi
2145 504 2260 564 tam
2289 498 2617 581 gravamina
2648 495 2995 579 religionum

650 609 831 693 plene
879 607 1148 673 discussa
1209 614 1272 673 et
1317 606 1609 673 amicabili
1663 609 2090 694 compositione
2141 609 2449 674 terminata
2498 607 2787 678 fuerunt,
2850 622 2998 689 ιιι-ιω

651 717 829 782 etiam
861 718 1206 803 compositio
1256 718 1317 782 in
1362 718 1512 782 locis
1559 716 1881 784 foederatis
1929 718 2261 784 executioni
2306 717 2438 782 data
2481 716 2592 781 fuit
2631 715 2705 778 in
2759 711 2998 778 nondum

652 826 1094 892 confoederatis
1125 848 1233 892 suo
1267 832 1538 912 tempore
1569 826 1775 891 eadem
1798 828 2151 892 formalitate
2177 823 2563 892 continuanda
2573 847 2592 899 ;
2621 824 2850 907 vigore
2874 841 3000 904 ergo

651 938 827 1019 hujus
860 936 1306 1022 compositionis
1337 958 1477 1022 pars
1510 937 1800 1002 catholiea
1831 937 2207 1019 evangelicae
2238 935 2455 1019 aliqvot
2490 939 2756 999 centena
2803 930 3004 1015 templa

653 1066 768 1110 una
801 1066 935 1110 cum
966 1045 1297 1111 redditibus
1343 1066 1415 1110 eo
1447 1044 1885 1132 pertinentibus
1916 1045 2211 1118 restituit,
2254 1049 2320 1110 ut
2351 1049 2412 1108 et
2442 1043 2700 1125 collegia
2734 1039 3005 1126 qvaedam

653 1161 716 1220 et
746 1155 980 1219 scholas
1013 1156 1075 1218 in
1097 1156 1303 1238 Regno
1335 1155 1480 1240 ipsis
1514 1154 1807 1241 quondam
1838 1155 2083 1219 ablatas.
2132 1154 2195 1218 In
2227 1153 2286 1218 id
2317 1173 2547 1238 qvoque
2578 1154 3007 1216 consenserunt

654 1268 719 1329 ut
748 1264 969 1348 ubique
1002 1265 1062 1327 in
1093 1284 1282 1347 regno
1304 1312 1321 1338 ,
1368 1265 1471 1331 ubi
1514 1265 1820 1331 sufficiens
1867 1285 2146 1329 numerus
2183 1263 2503 1328 incolarum
2530 1262 2854 1344 utriusqve
2885 1257 3008 1322 reli-

652 1373 849 1457 gionis
876 1374 1267 1458 reperiretur,
1295 1374 1572 1440 libertate
1598 1374 1947 1439 aedificandi
1968 1374 2185 1458 templa
2210 1372 2495 1456 deumqve
2509 1372 2679 1455 juxta
2703 1371 2867 1433 ritus
2889 1387 3008 1433 suos

655 1481 890 1546 colendi
927 1484 1287 1547 fruerentur.
1355 1484 1563 1548 Omnia
1609 1483 1722 1548 ista
1762 1483 1963 1547 inclita
1995 1483 2268 1547 mediatio
2310 1480 2424 1545 sibi
2446 1486 2810 1565 praeparata
2840 1476 3007 1542 habe-

653 1596 769 1664 ret,
804 1611 996 1677 neqve
1027 1596 1151 1656 tota
1183 1591 1244 1655 in
1275 1612 1343 1655 re
1376 1592 1531 1657 aliud
1567 1591 2019 1664 desiderabitur,
2046 1611 2212 1675 qvam
2237 1595 2300 1654 ut
2331 1590 2558 1655 caesari
2586 1587 3009 1674 persvadeatur

655 1719 767 1784 qvo
815 1705 945 1764 acta
993 1700 1106 1765 ista
1151 1706 1278 1765 rata
1324 1700 1558 1766 habeat.
1638 1701 1862 1765 Eodem
1909 1705 2201 1767 conventu
2249 1697 2518 1782 generali
2559 1698 2844 1763 Jesuitae
2897 1694 3005 1778 ipsa

655 1808 1090 1874 Catholicorum
1138 1813 1309 1894 parte
1353 1811 1717 1893 suffragante
1751 1831 1863 1875 ceu
1895 1816 2375 1893 transgressores
2406 1809 2604 1891 legum
2633 1825 2840 1888 regno
2873 1802 3003 1887 pulsi

652 1917 826 1982 fuere
858 1922 1030 2002 atqve
1063 1917 1360 1983 minimum
1391 1920 1680 2004 Princeps
1715 1925 1774 1984 et
1806 1940 2055 2004 regnum
2089 1917 2460 1989 desiderant,
2502 1937 2575 1981 ne
2604 1912 2897 2000 perpetui
2922 1910 3002 1974 isti

654 2028 926 2114 publicae
969 2028 1134 2112 pacis
1179 2029 1630 2112 perturbatores
1665 2031 1788 2112 jam
1831 2029 1891 2092 in
1936 2032 2189 2093 tractatu
2238 2025 2407 2092 1647
2453 2046 2583 2090 cum
2629 2020 3001 2088 serenissimo

652 2136 1127 2200 Transsilvaniac
1150 2137 1430 2222 Principe
1465 2143 1527 2202 et
1557 2138 1810 2203 statibus
1838 2137 2172 2221 Hungariae
2199 2136 2479 2200 concluso
2503 2152 2690 2216 regno
2719 2128 3000 2194 excedere

647 2246 803 2328 jussi
837 2252 896 2309 et
921 2248 1154 2310 nonnisi
1187 2248 1356 2312 1687
1381 2247 1442 2310 in
1473 2248 1528 2311 vi
1561 2252 1790 2311 extorta
1823 2247 1979 2311 dieta
2003 2245 2354 2312 Posoniensi
2383 2243 2640 2309 restituti
2661 2241 2725 2305 in
2749 2242 2998 2321 Regnum

652 2354 922 2427 redeant,
957 2355 1068 2419 nisi
1100 2356 1172 2420 iis
1205 2376 1272 2419 se
1297 2356 1644 2421 submittant
1676 2357 1909 2439 legibus
1947 2376 2098 2441 quac
2129 2356 2274 2439 ipsis
2306 2356 2573 2435 Regnum
2601 2346 2998 2436 praescripsit.

656 2464 1026 2548 Sperandum
1070 2470 1304 2538 tamen,
1345 2467 1770 2552 Imperatorem
1813 2468 2001 2552 ipsum
2044 2464 2199 2552 apud
2230 2463 2648 2529 conscientiam
2679 2459 2996 2525 convictum

652 2570 746 2645 iri,
779 2574 934 2638 istud
968 2574 1261 2639 hominum
1295 2595 1488 2659 genus
1520 2597 1707 2659 regno
1742 2578 1874 2660 plus
1908 2576 2098 2641 damni
2133 2595 2297 2658 qvam
2332 2573 2594 2638 utilitatis
2628 2570 2894 2635 adferre.

1383 2776 1486 2841 Ad
1512 2776 1932 2842 conditionem
1964 2782 2270 2863 quartam.

831 2899 1268 2966 Transsilvania
1299 2902 1437 2966 inde
1470 2924 1502 2967 a
1528 2902 1893 2987 temporibus
1920 2900 2276 2966 Ferdinandi
2309 2899 2349 2964 Ι.
2378 2899 2605 2964 duobus
2636 2896 2861 2961 abhinc
2890 2893 2997 2957 fere

655 3009 874 3072 seculis
901 3009 1074 3074 liberi
1095 3012 1459 3095 principatus
1485 3014 1730 3076 formam
1755 3018 1819 3077 et
1843 3032 2054 3077 nomen
2079 3012 2349 3082 obtinuit,
2369 3030 2478 3074 ceu
2496 3010 2627 3073 talis
2646 3003 2998 3091 postmodum

655 3122 1001 3182 constanter
1042 3119 1240 3183 habita
1288 3122 1397 3185 fuit
1442 3123 1503 3184 in
1548 3121 1788 3205 publico
1831 3122 2019 3206 iisqve
2061 3119 2467 3205 freqventibus
2499 3116 2855 3181 tractatibus
2885 3129 2997 3176 cum

657 3225 862 3308 Regno
880 3228 1215 3309 Hungariae
1249 3249 1359 3293 eeu
1384 3230 1521 3293 talis
1547 3229 1845 3295 declarata
1869 3235 1931 3294 et
1958 3230 2384 3314 comprehensa
2409 3226 2519 3290 fuit
2541 3226 2601 3288 in
2622 3224 2997 3289 instrumento

654 3334 824 3398 Pacis
860 3335 1361 3419 osnabrugensis.
1426 3338 1783 3403 Solenniore
1827 3343 2021 3403 tamen
2063 3336 2234 3402 modo
2268 3357 2379 3401 ceu
2409 3334 2542 3400 talis
2577 3334 2877 3398 declarata
2905 3329 2998 3394 fuit

658 3442 716 3504 in
759 3442 1004 3506 foedere
1045 3445 1202 3508 inter
1232 3447 1595 3532 Leopoldum
1628 3449 2050 3533 imperatorem
2094 3451 2157 3510 et
2185 3446 2531 3510 Michaelem
2561 3442 2750 3507 Abaffi
2782 3440 2994 3508 Princi-

657 3570 791 3633 pem
824 3553 1298 3618 Transsilvaniae
1333 3557 1494 3620 initio
1529 3558 1665 3621 anni
1704 3557 1906 3629 1686,
1953 3577 2063 3641 qvo
2098 3555 2344 3620 foedere
2380 3555 2648 3619 universa
2673 3555 2816 3637 jura
2846 3548 2996 3616 liberi

658 3659 1020 3743 principatus
1051 3664 1523 3728 Transsilvaniae
1568 3671 1934 3729 asseruntur.
1997 3666 2063 3729 In
2108 3670 2332 3729 tantum
2378 3665 2536 3728 inter
2566 3664 2676 3728 alia
2717 3664 2887 3747 plura
2914 3658 2992 3721 hic

662 3770 1062 3842 ommittenda,
1095 3775 1191 3842 ut,
1231 3793 1362 3836 eum
1394 3774 1493 3838 illo
1527 3778 1795 3858 tempore
1828 3775 1941 3838 duo
1967 3775 2444 3839 Transsilvaniae
2473 3773 2748 3839 fortalitia
2782 3766 2994 3835 securi·
3079 3774 3082 3808 ¹

659 3880 796 3942 tatis
821 3881 1012 3961 gratia
1025 3880 1371 3963 Imperatori
1397 3884 1778 3955 cederentur,
1799 3904 1869 3947 ea
1893 3889 2091 3948 tamen
2114 3885 2439 3968 Imperator
2461 3881 2691 3947 nonnisi
2712 3877 2990 3964 pendente
3074 3818 3082 3921 l

661 3987 759 4050 illo
804 3988 963 4051 bello
1006 3989 1323 4065 retineret;
1380 3992 1801 4076 qvamprimum
1846 4013 1987 4057 vero
2035 3993 2255 4057 bellurn
2307 3996 2602 4063 cessaret,
2658 3990 2833 4055 ambo
2882 3988 2990 4051 loca
3077 4022 3082 4091 ἦ

660 4095 873 4159 iterum
920 4102 1235 4161 evacuaret
1266 4104 1328 4162 et
1360 4101 1617 4185 Principi
1675 4104 2059 4175 restitueret,
2116 4108 2178 4165 et
2218 4123 2363 4167 vero
2418 4101 2530 4164 hoc
2572 4101 2698 4183 ipso
2743 4104 2989 4183 tempore
3081 4104 3082 4144 ἱ

663 4202 909 4268 durante
955 4209 1018 4268 ut
1063 4206 1342 4270 fortalitia
1381 4208 1480 4271 illa
1513 4231 1795 4274 caesareo
1830 4211 2125 4294 praesidio
2160 4231 2269 4294 pro
2305 4209 2531 4274 duabus
2563 4208 2755 4273 tertiis
2787 4209 2987 4271 Trans·
3079 4241 3082 4283 -1

663 4313 937 4376 silvanica
992 4334 1133 4376 vero
1189 4335 1296 4397 pro
1354 4337 1467 4380 una
1517 4320 1692 4383 tertia
1753 4321 2091 4385 munientur
2143 4321 2319 4404 eique
2374 4316 2667 4403 praesidio
2723 4312 2985 4401 stipendia

663 4421 986 4504 Imperator
1023 4424 1412 4506 persolveret.
1476 4427 1696 4491 Verum
1737 4428 2008 4513 eqvidem
2052 4434 2146 4493 est
2188 4435 2327 4513 post
2370 4429 2677 4492 decessum
2722 4419 2982 4506 Principis
3081 4465 3082 4474 η

664 4528 873 4601 Abaffi,
907 4549 1037 4594 cum
1068 4530 1219 4596 filius
1253 4555 1286 4597 a
1317 4535 1566 4600 statibus
1598 4537 1826 4601 electus
1853 4538 1910 4601 ei
1933 4540 2352 4610 successisset,
2378 4539 2562 4601 aulam
2584 4535 2981 4601 Wiennensem
