3117 5084
1208 363 1260 435 85

60 541 267 624 practicabilia
284 561 354 606 esse
370 539 487 604 asserui
503 558 538 602 ac
555 538 635 602 clare
651 536 853 602 demonstravi
874 537 951 602 baec
966 540 1065 604 omnia
1080 539 1137 604 bac
1152 539 1261 625 hyeme

59 650 137 712 intra
159 650 273 734 aliquot
293 667 415 712 menses
437 647 593 711 effectuari
613 651 647 710 et
663 645 789 710 Czarum
812 645 908 729 copiis
932 652 978 711 sat
994 648 1055 712 cito
1071 650 1172 712 futuro
1186 667 1262 712 vere

61 759 102 822 uti
118 779 229 843 posse;
246 759 406 824 occasione
422 755 582 821 mentionis
600 773 685 839 mam
701 753 738 817 de
755 753 890 818 alliancia
904 774 980 840 qvae
991 756 1025 820 S.
1039 757 1074 820 V.
1088 775 1156 821 cum
1168 755 1262 820 Craro

62 867 243 939 intercedit,
270 869 419 936 feceram,
449 863 537 948 aliqui
565 883 613 926 me
641 867 853 926 assecurarunt
880 863 1050 946 ablegatum
1072 864 1105 928 S.
1124 863 1160 929 V.
1184 864 1262 948 apud

63 973 190 1039 Czarum
205 976 357 1040 bominem
372 973 494 1055 majoris
510 971 705 1035 resolutionis
729 975 760 1034 et
776 976 810 1034 ut
826 971 941 1037 Gallico
957 971 1181 1056 exprimebatur
1195 976 1261 1036 ter-

63 1084 141 1147 mino
155 1084 195 1147 dc
207 1084 276 1168 plus
289 1082 476 1147 d'bardiesse
489 1086 521 1145 et
534 1079 689 1144 d'adresse
702 1085 734 1144 et
745 1081 843 1144 moins
855 1080 1004 1145 d’avarice
1017 1101 1087 1147 esse
1104 1080 1262 1155 debuisse;

64 1193 131 1256 talis
147 1193 231 1256 enim
246 1193 296 1257 illo
312 1198 449 1275 tempore
465 1190 561 1254 omnia
582 1188 660 1273 apud
681 1190 807 1254 Czarum
821 1195 884 1254 tum
898 1210 955 1274 pro
968 1190 1001 1256 S.
1014 1191 1050 1256 V.
1070 1195 1102 1255 et
1113 1192 1264 1273 llungaria

65 1301 177 1384 optime
189 1301 419 1365 intentionatum
432 1297 570 1362 obtinere
582 1298 732 1381 potuisset
744 1317 819 1380 qvae
832 1317 912 1361 nunc
924 1297 962 1363 ob
975 1318 1067 1363 novas
1079 1299 1265 1363 intervenias

67 1410 280 1490 conjuncturas
305 1407 475 1472 difficillima
503 1404 664 1470 devenere.
713 1405 775 1469 Sed
807 1411 840 1470 ut
862 1406 900 1470 ad
920 1406 1194 1491 supranominatum
1214 1405 1265 1469 bic

68 1535 215 1580 annexum
230 1516 353 1580 redeam
368 1515 550 1584 memoriale,
567 1533 624 1597 per
640 1511 748 1576 milord
761 1513 847 1599 Baby
863 1515 942 1598 apud
955 1514 989 1580 C.
1002 1514 1266 1595 chartemberg

69 1624 257 1689 introductus
272 1630 304 1689 et
315 1625 394 1688 omni
407 1641 474 1688 cum
485 1622 601 1686 honore
614 1625 758 1704 exceptus
772 1641 848 1694 sum,
865 1623 983 1686 reddidi
996 1623 1092 1687 eidem
1105 1623 1181 1689 SV.
1199 1623 1266 1706 epi-

70 1733 172 1796 stolam
185 1751 340 1816 exponens
352 1731 448 1795 omnia
462 1734 604 1794 oretenus
618 1747 693 1813 qvae
709 1729 740 1792 in
756 1730 902 1795 mandatis
918 1731 1026 1797 habeo.
1048 1731 1093 1796 dd
1104 1732 1181 1795 baec
1192 1732 1266 1795 bre-

70 1840 152 1904 vibus
170 1839 368 1924 sequentibus
383 1837 556 1902 formalibus
572 1837 718 1921 reposuit,
736 1857 770 1900 se
786 1838 834 1902 vel
854 1839 981 1902 maxime
996 1839 1029 1904 S.
1045 1839 1081 1905 V.
1098 1859 1154 1925 pro
1170 1839 1267 1922 gratia

71 1949 237 2012 ethonore
259 1948 296 2012 ad
320 1967 354 2011 se
378 1947 557 2030 scriptarum
583 1945 737 2010 literarum
764 1965 834 2010 esse
851 1946 1120 2020 devinctissimum‚
1137 1966 1207 2011 sese
1230 1947 1268 2011 ad

71 2055 241 2138 obligamen
256 2075 342 2119 suum
358 2075 424 2120 cum
440 2055 552 2118 effectu
568 2052 831 2117 demonstrandum
847 2054 1014 2119 omnimode
1026 2056 1267 2126 allaboraturum,

73 2183 127 2248 qvo
150 2164 250 2227 media
272 2163 500 2228 adinveniantur
520 2162 626 2246 quibus
648 2161 682 2224 S.
699 2161 734 2226 V.
758 2166 791 2225 ct
815 2163 927 2227 nationi
948 2163 1075 2229 satisfiat
1098 2169 1129 2227 et
1150 2163 1269 2228 sincera

72 2273 153 2354 regis
168 2273 201 2335 in
218 2273 250 2336 S.
267 2273 303 2338 V.
320 2272 484 2356 propensio
508 2271 587 2336 siout
602 2290 675 2334 uero
691 2290 782 2335 uerus
797 2270 949 2335 serviendi
972 2292 1055 2336 amor
1069 2273 1268 2336 innotescant.

73 2380 193 2445 Addidit
215 2385 248 2445 ut
267 2399 303 2444 ea
325 2398 401 2464 qvae
422 2383 566 2443 oretenus
587 2377 731 2462 proposui
752 2377 871 2443 domino
893 2379 931 2443 de
950 2381 1047 2462 lllgen
1067 2381 1270 2464 scriptotenus

76 2489 205 2561 tradam;
228 2489 289 2560 bic,
305 2494 459 2572 postquam
476 2487 574 2551 eidem
590 2491 701 2569 puncta
717 2488 961 2570 saepenominato
975 2489 1177 2562 tradidissem,
1194 2510 1271 2574 ope·

76 2617 135 2661 ram
150 2617 235 2662 suam
253 2597 290 2660 ad
307 2596 485 2662 obtinendas
497 2601 650 2681 promptas
665 2601 696 2659 et
713 2598 829 2678 optatas
847 2596 1046 2661 resolutiones
1062 2616 1110 2661 me
1125 2617 1269 2682 perquam

77 2705 284 2770 humanissime
301 2705 495 2770 assecuravit.
528 2702 732 2787 sequentibus
754 2702 860 2767 diebus
880 2723 937 2787 per
958 2707 1099 2771 comitem
1122 2706 1160 2770 de
1175 2708 1271 2774 War-

77 2815 214 2896 temberg
237 2815 286 2898 qui
305 2815 337 2876 S.
355 2813 391 2879 V.
414 2813 451 2876 ad
472 2831 578 2894 regem
600 2811 683 2875 datas
708 2811 741 2876 S.
758 2808 835 2893 ltlaju
847 2813 910 2895 jaun
932 2814 1098 2880 tradiderat
1113 2815 1150 2878 ad
1166 2835 1272 2898 regem

80 2923 264 2987 introductus
280 2917 357 3004 Majl
372 2941 445 2985 suae
459 2920 536 2984 haec
552 2919 686 2984 formalia
702 2939 842 2985 sermone
859 2920 1038 2987 Germanico
1055 2922 1124 2987 dixi.

163 3031 198 3095 S.
220 3031 256 3095 V.
279 3051 335 3115 per
358 3034 405 3094 tot
430 3031 574 3094 reiterata
596 3029 710 3112 Regiae
733 3028 929 3112 benignitatis
957 3037 1068 3096 testata
1095 3037 1271 3115 argumenta

79 3136 194 3222 S.lllaju
204 3140 246 3203 ita
262 3138 429 3202 deuinctam
445 3157 525 3209 esse,
542 3143 575 3202 ut
590 3138 710 3220 negotia
727 3157 780 3202 sua
797 3143 829 3201 et
844 3139 1126 3205 confoederatorum
1142 3145 1272 3204 statuum

78 3249 106 3311 in
126 3268 231 3312 manus
252 3251 393 3330 paternas
414 3251 473 3311 tam
496 3246 640 3328 generosi
656 3245 782 3310 vindicis
806 3267 914 3310 causae
928 3249 1028 3330 justae
1043 3248 1177 3313 reddere
1192 3249 1272 3312 nulla

80 3355 203 3429 dubitet,
221 3355 298 3440 quod
313 3375 369 3438 per
384 3354 542 3418 reiteratas
560 3353 701 3437 epistolas
718 3357 749 3416 et
763 3354 866 3417 ultimo
883 3355 972 3418 etiam
989 3376 1045 3440 per
1060 3357 1210 3420 dominum
1222 3356 1271 3420 Sr.

79 3465 174 3529 lulien
206 3463 406 3528 declaraverit
425 3463 504 3526 hanc
526 3463 615 3526 etiarn
639 3463 787 3526 rationem
809 3482 878 3526 esse
902 3464 981 3546 quod
1002 3465 1032 3528 in
1055 3484 1201 3549 praesens
1225 3483 1273 3527 me

81 3572 245 3657 expedierit
257 3573 289 3636 S.
307 3571 342 3637 V.
361 3570 398 3634 ad
413 3570 646 3634 assecurandum
662 3568 762 3651 maj...
785 3592 868 3636 suam
885 3572 923 3635 de
940 3575 1028 3656 plena
1046 3593 1131 3658 qvam
1148 3574 1180 3638 S.
1190 3574 1226 3639 V.
1243 3574 1274 3636 in

82 3679 135 3745 Sua
148 3679 231 3764 Mau·
246 3680 358 3744 habeat
373 3699 439 3744 cum
456 3679 557 3743 debita
573 3680 769 3744 veneratione
785 3681 946 3761 conjuncta
962 3682 1153 3755 confidentia,
1169 3683 1275 3766 vigore

83 3792 163 3872 cnjus
188 3791 277 3852 etiam
300 3789 399 3871 blaj²‘m
426 3809 510 3853 suam
536 3788 641 3870 rogavi
662 3793 697 3852 ut
719 3787 757 3851 ad
779 3794 890 3872 puncta
914 3790 1057 3855 Ministris
1081 3792 1143 3855 suis
1166 3790 1275 3856 tradita

82 3895 241 3981 benignam
255 3897 468 3960 resolutionem
482 3897 670 3978 impertiatur
682 3917 717 3960 ac
729 3917 783 3959 sua
795 3896 880 3978 regia
892 3897 1102 3964 benevolentia
1115 3898 1274 3981 ergaSV.

84 4011 111 4068 et
130 4005 361 4071 confoederatos
378 4009 473 4067 status
489 4003 665 4067 continuare
680 4005 763 4068 volit.
795 4005 961 4088 Respondit
982 4028 1036 4071 rex
1051 4007 1275 4076 humanissime,

83 4117 190 4195 gratias
206 4134 261 4198 pro
278 4111 457 4177 confidentia
473 4131 558 4196 quam
576 4113 608 4177 S.
622 4113 657 4176 V.
675 4117 706 4176 et
722 4117 818 4177 status
836 4114 867 4176 in
884 4134 918 4177 se
935 4114 1047 4179 babent
1063 4115 1138 4197 egit,
1154 4135 1189 4179 ac
1206 4115 1276 4178 dein

84 4221 222 4287 besterna
239 4222 287 4285 die
303 4241 359 4305 per
375 4219 525 4283 dominum
541 4219 579 4285 dc
590 4221 676 4304 ligen
692 4221 729 4285 ad
745 4242 859 4285 annexa
873 4226 985 4307 puncta
1001 4229 1177 4308 sequentem
1194 4222 1277 4287 dedit

85 4332 303 4397 resolutionem.

168 4440 221 4504 Ad
230 4441 386 4526 primum,
410 4457 492 4501 suam
515 4437 615 4520 bajec
644 4457 757 4502 summo
780 4458 848 4503 cum
870 4439 979 4521 gaudio
1002 4440 1175 4522 intelligere
1192 4439 1226 4504 S.
1240 4439 1275 4503 V.

14 4623 15 4626 Ἴ
86 4553 113 4612 et
131 4553 261 4614 statuum
277 4547 316 4611 ad
330 4545 532 4610 facilitandum
553 4548 636 4631 pacis
657 4548 811 4630 negotium
833 4549 983 4613 sinceram
999 4547 1276 4632 promptitudinem,
