3117 5084
247 417 250 428 .
320 354 393 426 102

309 534 346 592 et
362 529 506 594 frustra
522 529 664 593 laetati
681 534 848 592 extremo
865 549 1094 613 exponamur
1109 528 1225 592 exitio
1241 524 1325 589 dum
1340 521 1499 588 Libertatis

310 643 429 700 nostrae
455 643 514 702 tam
537 637 769 702 Ecclesiastioae
792 658 879 721 quam
900 639 1042 702 Politieae
1069 657 1157 702 eausa
1181 653 1251 719 pro
1269 633 1499 716 justissima

308 763 378 828 per
394 749 507 808 totam
524 743 861 808 christianitatem
877 745 994 807 semel
1010 744 1139 826 agnita
1155 742 1256 805 taliter
1271 747 1311 804 ut
1326 740 1499 804 Dominus

307 853 497 936 Bruyninx
513 854 751 938 exprimeret
767 853 1033 937 postponitur,
1050 857 1190 936 opportet
1204 849 1332 935 perinde
1352 857 1387 914 ut
1402 848 1499 912 Domi·

309 961 388 1025 natio
405 961 511 1028 Vestra
528 962 606 1026 omni
623 983 694 1027 eura
711 966 741 1025 et
756 963 912 1044 diligentia
934 963 1027 1026 haee
1048 963 1087 1025 in
1109 962 1210 1024 loeis
1225 959 1383 1022 debitis
1404 963 1442 1022 et
1457 958 1499 1020 iis

307 1072 539 1154 praesertim
555 1072 652 1136 unde
674 1073 951 1136 fauorabiliora
973 1073 1175 1136 retulerat
1190 1070 1361 1134 Dominatio
1379 1069 1500 1132 Vestrae

308 1187 577 1265 representet,
601 1203 643 1246 ne
660 1203 790 1247 rerum
807 1182 1151 1247 nostrarumsimul
1168 1180 1500 1263 ettemporisiae-

306 1297 424 1354 turam
440 1291 1048 1376 patiamurpossitquePrinceps
1076 1295 1208 1354 noster
1226 1289 1500 1352 serenissimus

306 1403 514 1464 extremam
541 1420 695 1464 sumere
718 1421 800 1465 eum
821 1400 992 1465 statibus
1017 1398 1324 1464 confoederatis
1351 1398 1499 1460 resolu-

307 1507 1316 1594 tionemexousabilemqueseeteoramdeoetmundo
1332 1507 1499 1570 reddere

307 1624 433 1702 queat.
457 1620 532 1683 Dum
550 1639 624 1702 ergo
642 1620 816 1685 citissimum
827 1620 1045 1684 Dominationis
1053 1619 1180 1686 Vestrae
1191 1618 1364 1702 praestolor
1374 1636 1500 1700 respon·

306 1747 369 1790 sum
387 1727 511 1791 eandem
528 1728 577 1790 diu
594 1730 694 1792 valere
712 1728 800 1812 cupio
817 1734 849 1792 et
864 1749 969 1792 maneo

675 1837 817 1918 Ejusdem
833 1838 1048 1904 Dominationis
1065 1838 1191 1902 Vestrae

968 1949 1087 2011 ilmieus
1103 1948 1221 2011 seruire
1237 1950 1359 2030 pambas

909 2053 942 2117 C.
964 2055 1001 2119 N.
1025 2055 1278 2137 Reresenyi
1307 2073 1346 2114 m,
1372 2073 1404 2136 p.
1547 2098 1548 2171 p

348 2177 384 2240 D.
403 2177 549 2240 lllement.
896 2179 1119 2263 Stephanus
1142 2183 1313 2262 Kruesay
1336 2199 1376 2242 m.
1401 2200 1430 2262 p.
1547 2190 1548 2193 ’

345 2300 505 2374 (Original.)

877 2412 929 2478 42.

509 2538 732 2604 Sebreiben
755 2541 968 2606 Klement's
992 2562 1035 2606 an
1058 2543 1282 2628 Reresenyi.

589 2667 702 2732 Eodem
718 2667 787 2732 dato
805 2668 843 2732 ad
860 2669 1006 2733 Comitem
1022 2670 1195 2754 ber-esenyi.

387 2813 599 2878 Excellentiam
623 2815 688 2880 ll¹¹¹n
710 2836 842 2899 nuperae
868 2837 954 2881 meae
977 2817 1139 2881 humillime
1160 2797 1300 2881 Berolino
1324 2817 1436 2882 missae
1458 2819 1493 2881 de
1547 2880 1548 2901 p

300 2929 487 3006 peractorum
504 2924 614 2988 ibidem
630 2925 819 3007 negotiorum
834 2927 914 2990 serie
930 2928 1053 2991 ulterius
1070 2927 1231 2990 informare
1246 2932 1420 3010 potueruut.
1453 2929 1492 2991 Eu
1547 2910 1548 2923 ¹

298 3032 343 3094 lais
359 3033 482 3096 inclusis
495 3033 529 3097 ll.
540 3034 574 3098 V.
588 3035 804 3116 gratiosissime
815 3036 917 3101 uidere
930 3036 1102 3118 dignabitur
1114 3057 1160 3109 ea,
1174 3057 1250 3120 qvae
1265 3037 1315 3100 bie
1331 3042 1401 3101 aeta
1416 3047 1493 3101 sunt

296 3145 330 3205 ut
346 3141 421 3204 adeo
440 3142 593 3205 reiteratio
611 3143 773 3207 eorundem
797 3165 1020 3228 supervacanea
1034 3145 1130 3210 rideri
1153 3147 1258 3229 possit.
1284 3146 1366 3210 lutra
1384 3147 1491 3231 aliqrot

297 3250 361 3316 dies
378 3251 534 3316 uberiores
550 3259 713 3337 sequentur
729 3253 777 3317 ubi
796 3257 993 3319 resolutiones
1014 3257 1180 3320 alliatorum
1201 3261 1376 3340 seqrentur.
1410 3258 1492 3321 Nune

297 3359 513 3424 Excellentiam
529 3361 595 3426 ΨΜ
618 3362 781 3426 humillime
797 3383 872 3445 rogo
890 3371 921 3428 ut
943 3364 1114 3436 eorundem,
1138 3385 1213 3449 qvae
1233 3366 1264 3428 in
1280 3368 1407 3449 nuperis
1422 3366 1493 3430 meio

296 3491 350 3552 pro
375 3469 501 3535 utilitate
523 3471 638 3554 patriae
666 3472 857 3537 hummillime
885 3480 916 3538 et
941 3476 1062 3538 sineere
1090 3477 1338 3559 perscripseram,
1357 3478 1492 3561 inprimis

295 3580 580 3663 correspondentiam
596 3581 756 3662 benignam
773 3603 874 3646 euram
889 3583 1001 3647 babere
1019 3584 1099 3649 uelit.
1129 3585 1221 3668 Cujus
1233 3586 1325 3651 saror-i
1343 3607 1394 3651 me
1410 3607 1493 3652 eom·

299 3689 443 3754 mendane
459 3697 518 3754 ete.

863 3819 916 3884 43.

316 3925 319 3936 ¹
442 3943 661 4008 Sebreiben
686 3946 889 4012 lllement's
914 3967 958 4009 an
979 3948 1062 4010 Hrn.
1088 3967 1114 4008 r.
1141 3945 1341 4010 Cardonel.

734 4073 920 4158 l8.April
940 4075 1051 4138 ltro.

423 4197 446 4258 Α
477 4197 530 4261 lllr.
556 4198 594 4260 de
617 4198 765 4264 Cardonel
790 4222 807 4263 a
828 4200 937 4265 l'armd
961 4223 996 4264 ee
1020 4203 1050 4265 le
1076 4202 1126 4266 12.
1153 4202 1225 4267 avril
1252 4202 1349 4267 1710.

380 4343 526 4429 ,l‘espere
550 4368 605 4430 que
627 4369 674 4410 ma
690 4349 796 4412 Lettre
812 4371 885 4413 aree
902 4352 946 4413 les
962 4350 1074 4414 ebifres
1091 4371 1164 4415 rous
1180 4371 1197 4413 a
1214 4352 1279 4414 este
1295 4352 1417 4416 rendue
1434 4373 1489 4436 qre

285 4449 399 4532 j'avois
415 4455 513 4519 donnd
533 4457 668 4520 aldilord
684 4458 866 4532 Torrnsend,
883 4482 898 4522 a
916 4466 1040 4544 present
1051 4462 1085 4541 je
1109 4481 1145 4523 ne
1161 4481 1208 4523 me
1225 4464 1297 4543 peut
1312 4481 1368 4542 pas
1383 4483 1489 4546 empe-

290 4563 364 4626 eher
380 4565 418 4627 de
436 4585 506 4630 rous
523 4565 642 4629 notider
658 4587 716 4650 que
728 4568 762 4648 je
779 4591 817 4634 ne
833 4575 887 4652 put
901 4591 955 4653 pas
971 4571 1055 4634 aroir
1070 4570 1124 4634 des
1144 4571 1326 4634 resolutione
1342 4574 1488 4654 positires
