3117 5084
1202 356 1275 434 1'41

82 536 125 604 ita
140 536 272 602 uicissim
288 535 376 601 tacite
393 536 460 601 erit.
485 538 616 624 Principi
633 539 724 604 rebus
741 539 820 624 apud
837 538 1023 603 Christianos
1040 539 1209 623 desperatis
1226 559 1282 622 per

79 645 133 710 illa
148 645 248 709 media
263 645 426 710 subuenire
448 665 525 730 quac
541 652 637 712 motura
660 649 709 712 isti
732 651 764 712 et
790 648 996 732 antiquissima
1016 649 1183 712 Turoarum
1205 646 1281 711 ratio

81 753 188 818 Status
201 759 285 818 certo
299 753 411 819 certius
422 755 611 838 pollicentur,
635 776 695 821 non
709 756 830 842 quidem
841 761 982 840 tanquam
994 756 1123 820 salutare
1134 755 1282 842 quoddam

82 861 252 926 remedium
268 861 352 949 (ipse
368 862 448 926 enirn
465 862 632 952 abhorreo)
645 865 700 930 sed
722 870 862 950 tanquam
885 883 1000 929 summe
1023 865 1227 928 necessarium
1251 868 1285 928 ut

79 973 173 1038 vitan
185 972 331 1038 seruitute
342 971 500 1046 redimant,
515 974 566 1058 qui
581 993 763 1059 permanere
775 974 935 1046 voluerint,
948 974 1056 1038 Turcis
1069 994 1175 1038 seruos
1188 992 1282 1058 quae-

80 1079 395 1154 rentibus,austriacis
408 1083 497 1146 vitam
510 1083 747 1169 sanguinemque
760 1088 897 1148 nostrum
913 1083 1094 1155 sitientibus,
1110 1087 1145 1146 ut
1160 1101 1236 1166 ergo
1251 1086 1283 1147 et

80 1189 160 1253 mala
177 1209 253 1274 quae
269 1190 423 1254 imminent
440 1191 585 1257 evitemus
603 1196 635 1256 et
650 1192 774 1257 meliora
791 1193 988 1277 suavioraque
1004 1191 1138 1256 remedia
1154 1211 1282 1276 quaera-

82 1319 161 1371 mus,
175 1299 324 1383 agendum
341 1305 388 1364 eat
399 1305 461 1365 turn
474 1301 553 1386 apud
569 1300 732 1385 Colligatos
748 1308 811 1367 tum
827 1302 916 1366 etiam
933 1301 1012 1386 apud
1028 1301 1163 1374 Gnarum,
1180 1301 1205 1366 si
1217 1321 1282 1366 rem

81 1409 113 1472 in
129 1411 283 1494 Hungaria
299 1415 493 1494 componant,
517 1409 670 1493 augebunt
687 1410 901 1495 colligatorum
923 1412 1004 1476 uires
1024 1411 1137 1475 viribus
1159 1411 1286 1483 nostris,

82 1517 165 1603 quod
182 1522 213 1581 et
230 1516 324 1582 Czaro
343 1517 380 1581 ob
397 1518 512 1582 Tuscae
529 1519 679 1603 colligatis
692 1521 755 1602 jam
772 1520 903 1591 furenti,
928 1524 1046 1604 gratum
1070 1518 1138 1582 erit.
1172 1517 1206 1582 Si
1227 1537 1283 1582 nos

83 1631 297 1697 contemnunt,
321 1625 402 1690 sorte
426 1627 539 1710 majora
563 1647 649 1711 quam
672 1627 905 1711 praevideantur
925 1627 995 1691 inde
1017 1629 1093 1691 mala
1110 1627 1283 1712 prodibunt.

82 1733 281 1799 Kortboldius
296 1734 346 1799 bic
361 1735 435 1800 mira
450 1737 588 1820 patravit,
603 1737 751 1801 esthemo
764 1737 884 1802 omnino
897 1736 1119 1821 suiimpotens:
1137 1737 1284 1801 Pecunias

81 1843 215 1908 inaniter
228 1843 385 1929 expendit:
402 1864 458 1928 per
470 1864 573 1908 omnes
585 1845 758 1929 Magnetum
771 1847 861 1910 Anias
877 1846 936 1910 imo
953 1866 1009 1929 per
1025 1865 1129 1910 omnes
1141 1845 1284 1910 tabernas

81 1953 253 2037 propalavit
269 1971 345 2036 quae
362 1951 480 2018 sciebat
495 1958 527 2018 et
544 1973 620 2038 quae
634 1954 800 2027 nesciebat,
813 1955 939 2019 Domino
953 1953 1043 2019 Cone.
1055 1955 1146 2028 Feer,
1157 1955 1285 2018 Domino

81 2059 202 2124 Barbut
217 2065 249 2124 et
264 2060 330 2124 aliis
347 2059 439 2126 debet
455 2082 510 2146 spe
526 2063 586 2126 vini
603 2070 635 2127 et
650 2064 796 2148 pecuniae
813 2062 910 2127 adhuc
933 2062 1151 2148 acquirendae,
1176 2063 1225 2126 bic
1248 2062 1284 2126 ad

81 2169 247 2248 adventum
263 2189 360 2233 meum
376 2169 490 2242 haesit,
513 2169 631 2254 tingens
655 2193 689 2236 se
708 2171 860 2257 proticisci
876 2171 1011 2257 nequire.
1043 2172 1110 2237 Jam
1126 2192 1199 2237 uero
1216 2176 1285 2235 ante

83 2281 103 2343 3
128 2277 334 2343 hebdomadas
354 2281 460 2364 Rigam
484 2282 619 2364 perrexit
640 2281 690 2344 illo
719 2281 863 2353 consilio,
888 2285 921 2344 ut
943 2280 1075 2365 Principi
1095 2281 1126 2344 in
1150 2276 1286 2345 o'rnnibus

82 2392 207 2452 noceat.
235 2387 459 2472 Expectandum
475 2389 568 2473 igitur
584 2409 650 2454 cum
668 2391 838 2454 exolutione
855 2389 920 2453 200
936 2389 1112 2454 Talerorum
1129 2409 1167 2452 na
1183 2409 1286 2454 ensem

81 2497 202 2561 furioso
226 2496 394 2570 tradamus,
426 2497 523 2562 donec
544 2496 620 2582 aiga
644 2497 713 2582 quid
734 2497 846 2562 ibidem
871 2517 964 2581 agere
988 2497 1125 2582 coeperit
1146 2498 1285 2563 nesciam.

82 2607 120 2671 R.
138 2605 177 2669 D.
196 2605 370 2670 Jablontnbi
390 2627 457 2670 mea
480 2605 665 2671 denuncians
689 2605 834 2691 obsequia
856 2606 963 2670 iterum
986 2610 1076 2691 atque
1092 2607 1201 2672 iterum
1221 2625 1287 2670 rem

85 2713 186 2779 2000
198 2714 375 2779 Talerorurn
390 2719 530 2801 tanquam
546 2715 634 2801 panis
650 2715 709 2779 mei
726 2714 890 2800 quotidiani
906 2735 995 2800 quem
1013 2719 1045 2779 ut
1060 2714 1155 2780 uiuam
1171 2718 1203 2779 et
1218 2736 1287 2780 ser·

83 2823 167 2889 riam
184 2821 259 2895 edo,
282 2822 475 2895 commendo,
493 2824 511 2887 a
526 2823 559 2887 P.
577 2824 614 2888 0.
627 2823 663 2887 V.
681 2823 770 2887 etiarn
787 2823 925 2888 auxilium
941 2823 1048 2889 eodem
1064 2823 1093 2887 in
1109 2823 1240 2908 Negotia
1256 2828 1289 2888 et

84 2933 171 2998 circa
190 2931 311 2996 Cambia
328 2950 454 3017 quorum
470 2931 506 2996 E.
525 2931 559 2996 0.
576 2931 731 3018 Bercseny
753 2953 845 3018 supra
861 2937 990 2998 attactae
1005 2932 1126 2998 litterae
1141 2933 1288 2997 memine-

82 3047 159 3108 runt
175 3043 419 3107 informationem
436 3047 580 3126 expecto,
604 3062 725 3128 semper
741 3063 965 3128 permansurus.
1004 3042 1148 3128 Ejusdem
1160 3040 1289 3106 Perilla-

82 3153 159 3218 stris
172 3151 529 3217 DominationisVestrae
829 3169 1057 3235 ,qdffiefissimus
1074 3190 1180 3235 servus

862 3279 1140 3345 stffbhffl.

182 3389 215 3453 P.
234 3388 268 3452 S.
286 3389 320 3453 Si
335 3388 368 3452 P.
382 3388 463 3453 D.V.
481 3407 587 3452 norum
601 3387 751 3472 reperiret
766 3387 900 3453 libellum
918 3387 1074 3460 Gallicum,
1087 3388 1173 3472 cujus
1185 3407 1289 3452 exem·

87 3501 157 3586 piar
177 3517 269 3562 unum
299 3497 417 3561 omnino
445 3502 632 3568 correctum,
655 3496 782 3561 Domino
800 3496 956 3561 Birndorti
974 3497 1058 3570 misi,
1081 3497 1112 3562 in
1134 3496 1289 3562 Holiandia

84 3605 333 3692 reimprimendi,
356 3626 422 3669 rem
438 3611 554 3690 gratam
577 3606 667 3671 Ser'²⁰
683 3604 815 3690 Principi
830 3604 901 3668 mihi
918 3605 1034 3670 factura
1049 3610 1142 3670 esset.
1160 3606 1194 3671 Si
1209 3605 1291 3672 uires

85 3715 329 3802 acquisierimus,
347 3733 383 3779 eo
401 3713 467 3798 plus
483 3713 626 3779 valebunt
641 3713 784 3778 rationes.
801 3714 835 3779 Si
848 3713 1060 3785 defecerimus,
1076 3713 1155 3778 bona
1171 3715 1291 3799 uitaque

84 3826 218 3914 perierit
230 3825 336 3888 saitem
352 3823 499 3888 bonorem
515 3843 571 3908 per
583 3824 684 3907 justae
701 3844 809 3888 causae
827 3822 1112 3888 demonstrationem
1127 3824 1288 3888 salvemus.

123 3929 289 4006 (ongean.)
661 4003 715 4069 64·

346 4113 561 4180 Schneiben
584 4111 753 4198 Ayerst's
777 4133 821 4178 an
844 4113 1027 4178 Klement.

518 4234 579 4297 27.
604 4231 890 4297 0111111711.

407 4344 415 4360 ·
483 4344 493 4390 1

180 4435 217 4500 S.
233 4433 270 4498 E.
293 4343 472 4498 1110111111
480 4393 549 4498 rien
571 4432 587 4496 d
604 4431 706 4496 redire
722 4433 740 4496 d
755 4437 842 4498 notre
857 4431 939 4497 belle
956 4432 1063 4503 lettre,
1088 4451 1125 4499 ao
1141 4431 1292 4497 contraire

88 4545 149 4611 elle
173 4544 255 4610 croit
277 4540 386 4626 qu'elle
410 4544 548 4626 pourroit
570 4540 653 4607 avoir
676 4561 717 4604 un
738 4545 802 4606 tres
826 4541 887 4605 bon
903 4541 977 4606 edet
991 4559 1069 4625 pour
1084 4539 1248 4624 empecber
1263 4541 1293 4604 le
