3117 5084
1158 316 1232 397 211

131 490 289 555 Caeterum
315 490 452 555 redditae
479 490 551 555 mibi
579 496 649 557 sunt
672 492 704 556 S.
724 490 760 555 V.
785 488 823 553 de
846 488 915 554 dato
937 489 1068 557 devoror
1099 492 1130 555 o.
1154 490 1236 556 Julii.

48 596 260 666 Communicari
273 603 411 664 tenorem
426 619 540 672 aarum,
557 620 593 663 ac
608 599 634 663 si
650 600 718 684 ipse
733 597 904 682 projectum
917 618 984 663 cum
996 598 1124 664 dominis
1137 599 1238 663 Strat-

46 704 108 769 ford
124 711 156 771 et
169 706 324 773 Robinson
349 709 397 791 qvi
421 728 486 772 rem
506 708 671 772 reflexione
688 707 810 789 dignam
826 710 858 770 et
872 706 1031 790 optandam
1048 726 1119 771 esse
1136 706 1240 771 dicunt

47 812 80 875 ad
91 815 322 896 praevenienda,
334 836 373 879 ne
389 815 453 879 fors
469 818 563 881 semel
579 836 733 879 emersura
747 815 780 878 in
799 814 927 897 imperio
942 814 1091 881 bellorum
1107 814 1239 881 ciuilium

46 920 189 996 incendia,
205 922 259 988 sed
275 924 402 989 ulterius
417 924 490 989 nihil
503 926 541 989 ob
553 945 658 989 eorum
670 922 835 989 absentiam
847 927 945 987 actum
958 928 1006 988 est
1011 944 1022 997 余
1037 923 1110 985 mibi
1121 924 1240 1006 copiam

46 1050 142 1095 aarum
157 1032 328 1097 Berolinum
343 1032 381 1097 ad
396 1033 482 1097 Dum.
498 1032 668 1105 iablonski,
684 1038 716 1097 ut
732 1051 785 1094 eas
802 1029 887 1093 aulae
904 1029 1123 1095 communicare
1140 1050 1192 1103 ac,
1213 1030 1240 1093 si

45 1137 135 1203 visum
149 1139 251 1213 luerit,
269 1139 306 1203 ad
322 1144 461 1205 caeteras
477 1142 643 1206 electorum
654 1140 737 1204 aulas
749 1138 955 1203 transmittere
966 1139 1046 1203 velit.
1072 1139 1240 1204 Voluissem

46 1246 158 1329 quidem
180 1248 218 1313 ad
238 1254 371 1313 mentem
391 1250 426 1315 S.
442 1249 479 1313 V.
501 1248 577 1313 baec
598 1249 666 1332 ipse
686 1251 861 1331 praestare,
886 1246 943 1311 sed
962 1245 1240 1329 indispensabiliter

45 1357 254 1423 resolutionem
269 1358 396 1441 reginae
411 1357 461 1421 hic
478 1363 641 1441 expectare
657 1357 786 1441 obligor.
818 1357 904 1440 Apud
921 1355 1083 1421 Hollandos
1103 1356 1192 1427 dein,
1214 1356 1240 1419 si

45 1462 246 1532 favorabiliter
273 1465 323 1531 bic
350 1464 506 1531 exauditus
534 1471 566 1529 et
592 1464 733 1528 dimissus
760 1465 864 1540 luero,
898 1469 1019 1529 caetera
1043 1466 1239 1548 peracturum

44 1576 174 1655 sumptus
196 1571 266 1637 dein
288 1595 344 1658 pro
366 1579 451 1639 tanto
474 1593 567 1658 opere
589 1572 787 1657 proponendo
817 1577 849 1637 et
872 1572 1010 1637 sariendo
1032 1574 1142 1639 itinere
1166 1572 1240 1635 mibi

45 1676 164 1756 desunt,
191 1681 268 1745 adeo
292 1688 325 1747 ut
343 1681 491 1767 qromodo
513 1704 550 1747 ex
570 1681 630 1745 boc
651 1686 737 1747 certe
760 1682 839 1747 ultra
862 1682 951 1746 tidem
975 1688 1149 1766 sumptuoso
1171 1680 1238 1745 looo

45 1787 198 1854 eluctabor
208 1790 356 1873 ignorem,
365 1789 580 1875 qvamvisbaec
592 1789 801 1874 providentiae
814 1790 1048 1855 commendando
1061 1790 1098 1855 ad
1108 1795 1241 1855 extrema

44 1916 134 1982 usque
146 1898 291 1964 reductus
301 1898 431 1964 fideliter
442 1898 630 1982 negotiabor.
651 1900 823 1983 ProJectum
836 1918 909 1963 sane
922 1897 960 1961 de
973 1899 1103 1963 unienda
1113 1898 1241 1983 imperio

45 2004 195 2089 Hungaria
206 2007 280 2071 adeo
293 2008 451 2090 plausibile
464 2012 521 2079 est,
531 2013 563 2073 ut
576 2007 759 2073 eredendum
770 2008 862 2083 soret,
874 2008 994 2091 imperii
1005 2008 1160 2092 principes
1169 2005 1242 2071 illud

45 2114 130 2177 facile
144 2115 364 2198 amplecturos余
376 2116 432 2180 sed
444 2115 547 2179 decisa
560 2115 839 2181 nuncFrankolurti
851 2118 1028 2201 quaestione
1040 2116 1078 2179 de
1092 2116 1242 2179 electione

45 2224 128 2287 etiam
156 2223 242 2307 regis
264 2226 463 2289 Romanorum
487 2230 556 2308 post
581 2225 710 2291 electum
728 2226 825 2289 solum
842 2225 1027 2297 Caesarem,
1052 2224 1078 2287 si
1092 2223 1125 2288 S.
1143 2224 1183 2287 lt.
1210 2223 1242 2286 id

44 2333 198 2414 probatum
216 2333 330 2407 luerit,
354 2332 542 2401 tractandum
563 2320 745 2417 sperandum
761 2355 822 2399 non
838 2340 904 2406 est,
931 2334 1069 2401 Carolum
1086 2337 1242 2418 postquam

44 2439 206 2524 imperator
226 2441 318 2505 luerit
341 2446 401 2504 tam
423 2442 483 2507 cito
501 2441 680 2505 electionem
695 2443 895 2505 Romanorum
911 2442 995 2525 regis
1010 2441 1242 2526 propositurum,

43 2547 137 2612 donec
159 2548 272 2612 viderit
292 2569 330 2611 an
351 2547 501 2612 haeredes
525 2548 674 2613 masculos
697 2549 764 2633 ipse
792 2548 948 2614 habiturus
978 2571 1036 2614 non
1065 2551 1114 2614 sit.
1154 2549 1241 2613 Dom.

42 2656 199 2720 Jablonski
215 2656 282 2720 sine
299 2656 387 2720 dubio
401 2656 434 2720 S.
447 2656 483 2720 V.
500 2655 559 2721 boc
574 2657 605 2719 in
621 2677 712 2741 passu
728 2657 901 2741 opinionem
916 2658 1001 2740 regis
1013 2658 1152 2721 Prussiae
1168 2676 1242 2741 per-

42 2766 165 2839 scribet.
184 2770 217 2829 et
231 2764 441 2836 existimarem,
458 2785 513 2848 pro
529 2785 566 2829 re
581 2766 613 2829 S.
627 2765 662 2829 V.
680 2765 757 2835 fore,
772 2764 801 2827 si
816 2785 873 2849 per
890 2766 1015 2829 amicum
1028 2767 1060 2831 S.
1074 2764 1108 2830 V.
1125 2765 1242 2849 princi-

42 2894 107 2958 pem
129 2895 239 2958 regem
255 2874 398 2940 Poloniae
422 2875 486 2938 sors
508 2893 565 2958 pro
589 2874 652 2939 suis
673 2872 857 2939 haeredibus
881 2873 918 2937 ad
935 2874 1111 2957 dignitatem
1127 2874 1243 2939 romani

42 2985 122 3067 regis
149 2982 313 3065 aspirantis
339 2982 415 3047 baec
443 2981 561 3064 imperii
585 2980 772 3064 principibus
794 2988 1054 3068 proponerentur,
1079 2981 1241 3067 explorabo

40 3095 139 3155 amen
157 3090 255 3158 adhuc
270 3089 395 3155 uberius
410 3094 540 3153 mentem
556 3088 714 3153 ministerii
729 3088 829 3171 hujus,
842 3109 941 3165 annun
958 3089 1115 3171 negotium
1129 3088 1187 3153 boc
1204 3086 1241 3152 ad

41 3200 183 3270 esitando
203 3197 290 3262 modo
314 3197 412 3261 sutura
434 3196 514 3261 bella
538 3198 665 3279 imperio
693 3198 905 3263 commendare
928 3199 1036 3270 uellet,
1061 3202 1093 3260 et
1114 3197 1241 3261 huncio

41 3329 141 3375 casum
158 3308 227 3371 sine
242 3306 452 3378 haesitatione,
468 3312 502 3369 ut
517 3304 633 3388 opinor,
650 3305 806 3390 principes
822 3306 941 3389 imperii
959 3304 1035 3368 banc
1056 3306 1242 3389 propositio-

42 3438 109 3483 nem
131 3416 402 3499 amplecterentur,
425 3432 513 3496 quum
536 3412 567 3474 in
583 3412 684 3478 multis
705 3412 771 3476 aliis
795 3412 888 3477 rebus
911 3412 1066 3477 consilium
1089 3411 1242 3495 potentiae

41 3525 128 3609 bujus
150 3523 252 3589 secuti
274 3522 344 3587 sint.
385 3521 468 3603 Quae
495 3520 613 3584 ratione
637 3519 748 3585 domini
775 3520 888 3584 Cretici
913 3519 1130 3588 commissionis
1152 3520 1185 3583 S.
1205 3519 1241 3585 V.

42 3632 177 3717 benigne
192 3630 350 3703 commisit,
365 3629 403 3695 iis
420 3649 469 3692 me
484 3628 646 3692 humillime
662 3628 913 3705 accommodabo余
928 3649 988 3694 non
1003 3648 1126 3712 possum
1141 3633 1242 3693 tamen

42 3762 117 3816 non,
141 3741 215 3827 qrin
236 3740 270 3805 S.
286 3738 322 3804 V.
345 3738 494 3822 aperiam,
517 3757 566 3801 me
581 3736 703 3801 nimium
719 3737 874 3813 dubitare,
896 3742 996 3802 utrum
1012 3756 1065 3801 rex
1081 3736 1242 3801 borussiae

42 3851 238 3936 imposterum
264 3848 297 3913 S.
319 3848 355 3914 V.
379 3847 604 3931 propositiones
630 3848 673 3913 ita
697 3845 904 3911 favorabiliter
929 3846 973 3914 uti
1004 3844 1123 3930 quidem
1154 3849 1242 3910 antea

42 3960 236 4025 exauditurus
259 3958 317 4029 sit余
341 3976 409 4020 nam
430 3975 577 4019 concessa
600 3955 633 4025 S.
653 3955 689 4021 V.
715 3956 833 4021 solenni
857 3954 1046 4039 protectione
1070 3952 1243 4017 crediderat

43 4074 165 4152 praetor
181 4067 311 4151 pretium
326 4065 493 4130 allectionis
507 4085 564 4150 pro
581 4066 614 4130 S.
628 4065 663 4131 V.
679 4066 820 4131 Prussiae
837 4086 893 4147 per
908 4071 1027 4148 pestem
1044 4063 1242 4147 depopulatae

43 4177 203 4241 consulere
225 4195 260 4238 ac
282 4175 458 4258 imperatori
481 4194 520 4237 ne
542 4173 605 4238 fors
622 4174 870 4238 considerabilior
888 4172 1035 4245 eradere,
1058 4173 1096 4235 de
1113 4170 1241 4235 adventu

43 4285 71 4348 in
86 4285 240 4351 Prassiam
256 4282 464 4365 Huugarorum
488 4283 521 4347 S.
538 4283 573 4348 V.
598 4287 772 4347 secutorum
794 4302 847 4347 sua
868 4282 1012 4364 Majestas
1034 4281 1099 4364 ipsa
1120 4279 1241 4364 publice

43 4398 224 4458 mentionem
239 4390 380 4465 iaciebat,
396 4391 436 4453 ita
452 4395 485 4453 ut
501 4390 656 4473 negotium
672 4390 730 4455 boc
746 4390 856 4474 ubique
869 4389 1028 4461 Wiennae,
1042 4388 1242 4453 Ratisbonnae

42 4507 72 4564 et
87 4500 167 4585 apud
183 4501 300 4563 alliatos
317 4499 501 4581 diuulgatum
522 4498 561 4561 sit
577 4502 608 4563 et
624 4498 724 4564 odium
739 4500 807 4583 regi
824 4498 900 4583 apud
914 4498 1075 4582 plerosque
1086 4494 1242 4579 pepererit

970 4604 1024 4657 lt
