3117 5084
294 332 346 404 48

293 528 459 581 suasurum,
477 513 509 572 ut
525 509 752 591 Transsylvania
769 509 875 583 cedat,
899 514 931 573 et
946 512 991 574 sic
1006 510 1115 573 Tuscis
1127 508 1247 573 Portam
1262 508 1293 571 in
1308 508 1498 591 llungariam

292 619 412 702 ingredi
427 618 551 703 aperiat.
577 618 730 703 Quaesivit
746 638 823 683 unns
835 621 1040 691 assessorum.
1056 619 1148 700 Cujus
1161 618 1319 683 serenitas
1331 618 1393 682 Vra
1408 616 1496 681 Reli-

293 728 392 811 319119
413 728 468 800 911,
497 726 654 812 respondit
675 726 881 801 Sunderland,
906 728 1095 800 Catholicae,
1123 727 1179 792 sed
1198 725 1356 792 moderate
1378 724 1497 791 addidit

293 836 418 921 plurima
430 836 593 901 Serenitati
605 836 683 900 Vrae
698 836 817 919 Elegia,
833 836 1036 903 Serenitatcm
1051 836 1141 902 Vram
1156 836 1214 901 hoc
1229 836 1406 919 Principatn
1423 833 1496 917 dig·

292 964 370 1017 nam,
386 945 538 1009 Familiam
554 944 734 1009 serenitatis
744 946 824 1010 Vrae
838 964 953 1011 sunnne
968 945 1116 1018 meritam,
1133 950 1166 1009 et
1181 944 1321 1030 quamdiu
1333 944 1496 1009 serenitas

292 1053 352 1118 Vra
367 1054 399 1116 in
413 1052 605 1138 possessione
616 1054 866 1137 Transsylvaniae
877 1055 993 1119 victura
1005 1053 1095 1127 toret,
1108 1053 1181 1117 nihil
1193 1050 1400 1124 metuendum,
1412 1050 1496 1134 apud

293 1160 495 1225 Successores
510 1181 581 1225 uero
598 1163 779 1246 Hungariam
796 1169 827 1228 et
844 1162 1098 1228 christianitatem
1119 1181 1270 1246 nunquam
1286 1161 1494 1225 Securitatem
1552 1233 1553 1236 Ἴ

293 1269 456 1335 habituros.
472 1271 616 1336 Dominus
627 1272 720 1355 Boyle
733 1274 823 1337 etiarn
835 1277 867 1337 et
882 1294 929 1345 ea,
942 1271 1071 1358 quaeda
1084 1272 1245 1337 Guarantia
1261 1269 1345 1335 dicta
1360 1269 1495 1343 fuerant,

267 1429 280 1449 .
293 1380 433 1463 repetiit,
448 1380 514 1445 Dux
534 1384 633 1444 autem
655 1402 758 1445 rursus
780 1383 895 1455 omnia,
920 1402 996 1468 (prae
1015 1378 1162 1446 hactenus
1179 1379 1265 1445 uobis
1281 1379 1379 1444 relata
1394 1378 1494 1449 fuere,

294 1488 476 1573 repetendo,
493 1493 526 1551 et
544 1492 642 1553 utrum
664 1490 818 1555 intellecta
833 1491 910 1564 sint,
926 1488 1132 1575 percontando
1149 1488 1297 1554 conclusit
1311 1494 1346 1553 et
1357 1486 1445 1559 dixit,
1461 1505 1495 1551 se

294 1598 390 1682 primo
411 1595 566 1663 lavorahili
582 1602 671 1663 vento
687 1600 801 1682 llagam
819 1599 1002 1671 soluturum,
1027 1618 1096 1663 cnm
1111 1600 1177 1663 Dno
1201 1596 1416 1669 Peusionario,
1437 1596 1495 1660 liei

292 1705 505 1779 latentissimo,
527 1707 703 1771 ultimariam
719 1708 806 1772 nohis
822 1707 960 1773 daturum
974 1707 1214 1779 llesolutionem,
1237 1705 1384 1790 imposuit
1399 1706 1491 1769 etiam

294 1818 328 1879 ut
343 1834 411 1878 ourn
427 1815 497 1879 illuc
512 1836 683 1900 sequamur,
699 1837 735 1881 ac
751 1816 886 1881 absoluto
904 1815 945 1881 ibi
958 1837 1015 1900 per
1026 1815 1293 1899 triduumNegotio
1303 1814 1492 1885 Berolinnm,

295 1942 353 2005 ego
374 1942 447 1989 uero
471 1921 541 1986 inde
557 1921 594 1987 ad
610 1924 812 1988 serenitatem
827 1922 916 1989 vnn
932 1942 1111 2008 properem,
1136 1942 1194 2008 quo
1217 1942 1304 2007 quam
1327 1922 1492 1987 eelerrhno

294 2028 391 2096 linalis
412 2030 591 2096 Serenitatis
608 2032 686 2097 Vnae
701 2032 872 2097 Declaratio
895 2032 963 2096 Dno
987 2032 1183 2097 Pensionario
1205 2032 1386 2096 innotescat
1425 2031 1493 2095 Duo

295 2138 440 2224 imprimis
456 2139 488 2203 in
504 2139 560 2205 hac
577 2141 769 2206 conferentia
783 2140 911 2206 notanda
927 2140 1100 2206 obvenere:

386 2247 414 2310 1.
440 2247 526 2331 Quod
549 2269 608 2313 non
635 2250 825 2313 reflecterint
850 2268 944 2333 super
959 2250 1100 2315 auxilinm
1115 2248 1195 2333 qnod
1210 2254 1315 2313 contra
1332 2247 1442 2313 Gallos
1457 2267 1493 2310 91

292 2356 445 2440 llungaria
467 2355 630 2423 haberetur
657 2357 711 2423 sed
735 2357 815 2442 quod
832 2359 929 2422 solum
944 2378 982 2421 ex
998 2359 1106 2443 Capite
1121 2357 1342 2441 Compassionis
1358 2357 1493 2440 egerint,

293 2465 363 2531 ideo
378 2466 485 2531 mirum
509 2486 568 2531 non
591 2474 657 2541 est,
679 2466 759 2554 quod
781 2468 898 2531 arnissis
919 2469 1123 2550 argumentis,
1145 2468 1350 2532 anecessario
1367 2470 1401 2530 et
1415 2466 1493 2536 utili,

295 2575 370 2642 illud
385 2574 422 2640 ab
439 2576 566 2641 honesto
582 2578 673 2642 talem
685 2578 833 2643 Effectum
848 2597 908 2641 non
923 2578 1072 2643 habuerit.
1101 2580 1132 2642 2.
1148 2577 1211 2642 Nos
1226 2596 1286 2640 non
1300 2576 1371 2639 ideo
1386 2595 1496 2640 aecer·

294 2684 369 2749 sitos
384 2683 488 2757 tuisse,
503 2689 538 2750 ut
552 2704 620 2750 eum
635 2686 672 2751 iis
688 2685 888 2758 conteramus,
912 2686 967 2750 sed
983 2691 1016 2751 ut
1033 2685 1257 2751 llesolutionem
1273 2684 1361 2748 nobis
1377 2685 1495 2767 imper·

294 2792 427 2858 tiendum
447 2798 479 2857 91
497 2791 560 2875 jam
581 2797 752 2860 conclusam
774 2794 943 2867 audiamus,
968 2794 1100 2879 quamuis
1125 2814 1184 2859 non
1200 2792 1431 2857 existimandum
1445 2793 1496 2862 sit

296 2902 456 2967 Factiones
472 2900 530 2967 hoc
546 2903 576 2966 in
593 2902 728 2987 Collegio
745 2921 829 2975 esse,
846 2902 886 2966 ob
901 2923 974 2987 quas
990 2903 1056 2967 Dux
1076 2903 1114 2967 de
1129 2900 1362 2983 hlarlehorough
1379 2920 1493 2965 secun-

296 3010 365 3075 dum
380 3012 561 3077 voluntatem
576 3031 659 3077 suam
675 3013 772 3077 omnia
788 3032 883 3096 agere
899 3032 960 3077 non
983 3015 1132 3097 potuerat.
1164 3012 1299 3093 Accepto
1322 3009 1361 3074 ad
1376 3010 1496 3074 Ducem

295 3118 481 3203 sequendum
495 3119 647 3193 mandato,
672 3104 845 3204 compositis
870 3120 962 3185 rebus
985 3121 1096 3185 nostris
1113 3118 1250 3183 Londiuo
1271 3118 1436 3190 movimus,
1461 3138 1496 3181 ac

294 3227 457 3293 Undecima
473 3228 583 3312 Aprilis
595 3228 736 3293 llarvicio
752 3230 917 3303 solventes,
934 3228 1075 3295 secundis
1091 3228 1188 3293 uentis
1203 3228 1256 3291 12.
1269 3225 1407 3310 ejusdem
1418 3228 1496 3293 Por·

296 3340 359 3399 tum
374 3336 589 3408 Hollandicum,
608 3336 659 3400 13.
677 3356 749 3403 1919
766 3338 864 3421 llagas
881 3339 1027 3404 Comitum
1043 3337 1212 3419 attigimus,
1228 3334 1280 3399 ubi
1298 3340 1496 3419 posteaquam

299 3442 457 3509 adventum
481 3450 614 3509 nostrum
629 3446 705 3511 Duci
728 3445 766 3509 de
786 3447 1019 3530 hlarleborough
1041 3446 1292 3516 insinuassemus,
1319 3462 1378 3527 per
1401 3464 1496 3527 saepe

297 3551 511 3615 mentionatum
526 3552 565 3617 de
581 3552 748 3617 Cardonnel
765 3553 844 3636 apud
859 3556 896 3618 1).
913 3556 950 3619 D.
967 3555 1104 3619 ordinum
1121 3552 1314 3617 Generalium
1329 3552 1497 3616 191191999-

298 3660 376 3723 rium
391 3660 490 3724 Duum
504 3660 657 3725 Heinsium
675 3661 726 3724 lo.
744 3660 888 3745 Ejusdem
903 3662 1066 3727 introducti
1082 3682 1193 3727 sumus.

390 3768 563 3833 Porrectam
579 3769 629 3833 1119
645 3769 826 3834 Serenitatis
842 3770 921 3835 Vrae
937 3772 975 3836 ad
989 3772 1026 3835 D.
1043 3773 1080 3835 1).
1099 3770 1228 3835 Ordines
1243 3769 1421 3854 Epistolarn,
1438 3790 1496 3833 nec

299 3876 396 3941 minus
419 3879 563 3961 scriptum
591 3877 680 3951 illud,
709 3879 788 3964 quod
811 3880 941 3945 hondini
968 3879 1216 3953 exhibueramus,
1243 3880 1381 3965 protinus
1407 3878 1494 3960 legit

299 3986 413 4049 Puncta
435 3988 501 4068 ejus
523 3985 708 4051 rationabilia
731 4008 801 4053 9999
817 3990 964 4062 asseruit,
990 3989 1238 4072 Transsylraniae
1254 4006 1327 4051 uero
1349 3986 1494 4069 imprimis

299 4092 505 4157 difficillimum
522 4095 715 4168 existimavit,
734 4097 772 4161 de
788 4096 969 4163 Serenitatis
985 4098 1064 4163 Vrae
1080 4094 1294 4160 intentionibus
1314 4095 1398 4159 cirea
1413 4096 1494 4159 11911-

299 4201 420 4284 gionem
442 4223 478 4266 se
493 4202 614 4268 uberius
631 4203 815 4277 informavit,
833 4205 992 4270 Caesarem
1014 4210 1047 4270 et
1066 4206 1219 4269 Ministros
1240 4205 1306 4288 ejus
1328 4204 1493 4268 insolentes

300 4330 369 4375 csse
390 4315 422 4375 et
442 4332 571 4394 nuperos
595 4312 684 4377 etiam
700 4315 859 4379 Tractatus
873 4317 1095 4398 Tyrnauienses
1116 4319 1224 4398 sponte
1249 4314 1393 4385 elusisse,
1411 4314 1492 4385 (11111,

298 4440 334 4483 99
349 4418 480 4505 deniqne
490 4420 528 4484 de
540 4422 601 4487 Sua
617 4428 648 4487 et
657 4424 692 4486 11.
702 4425 738 4487 D.
756 4423 893 4488 ordinum
907 4424 938 4487 in
954 4425 1013 4489 hoc
1028 4425 1152 4507 negotio
1165 4421 1402 4509 promptitudine
1412 4442 1491 4487 asse

301 4528 431 4601 curavit,
451 4549 615 4617 eorumque
629 4550 805 4616 responsum
816 4533 896 4596 intra
906 4532 1036 4597 triduum
1048 4534 1136 4598 nohis
1147 4533 1288 4598 traditum
1299 4532 1338 4595 iri
1346 4531 1490 4615 promisit
