3117 5084
253 257 305 329 40

251 433 396 515 Reginam
415 430 543 513 Magnae
565 429 717 495 Britaoiae
740 433 771 493 et
793 429 980 497 Foederatos
995 432 1107 515 Belgas
1130 437 1273 496 sonantes
1297 448 1357 495 una
1381 446 1446 493 cum

251 541 337 607 brevi
354 540 516 605 Schemate
539 538 743 605 conditionum
766 538 884 604 futurae
904 540 991 604 Pacis
1012 560 1050 603 ex
1068 540 1268 605 instructione
1290 542 1446 621 excerpto.

251 651 289 715 ad
301 651 418 715 Ducem
432 649 472 713 de
488 648 722 732 blarleborougb
743 649 946 721 emittantur,
969 648 1078 734 quibus
1094 647 1237 731 Quaestio
1259 644 1448 711 annemenda

252 762 345 831 esset,
358 762 456 825 utrum
467 759 506 823 ad
517 756 703 823 tractandum
711 757 874 841 Negotium
885 758 944 821 hoc
955 757 1037 821 Suae
1049 756 1225 821 Celsitudini
1237 754 1403 825 sufficiant,
1414 772 1449 816 an

251 889 324 935 vero
338 869 542 933 necessarium
554 867 727 939 arbitretur,
740 873 774 932 ut
785 868 926 933 veanus
937 866 1093 931 Jablonski
1105 866 1227 949 uelBgo
1245 863 1327 928 adse
1338 863 1448 926 inBel-
1553 859 1554 866 ’

251 979 334 1061 gium
347 978 561 1043 excurramus?
577 977 622 1041 Ex
634 976 822 1043 conferentia
829 976 886 1041 bac
895 977 1077 1041 accessimus
1085 971 1202 1058 biylord
1209 973 1304 1056 Raby,
1312 973 1448 1054 Reginae

251 1086 379 1169 Magnae
395 1086 581 1151 Brittanniae
606 1086 636 1152 iu
659 1086 733 1150 Aula
749 1086 910 1150 Borussica
925 1086 1074 1168 Legatum
1089 1082 1380 1153 Extraordinarium,
1405 1080 1450 1144 eni

252 1195 339 1267 haec,
356 1195 455 1279 prouti
472 1214 507 1259 aa
522 1199 590 1259 acta
604 1198 683 1266 sunt,
701 1194 866 1265 retulimus,
884 1194 935 1277 qni
949 1194 1086 1277 protinus
1102 1194 1141 1257 ad
1152 1194 1267 1257 Ducem
1283 1190 1323 1255 de
1338 1190 1450 1254 blaria-
1553 1251 1554 1278 1

252 1304 548 1389 borougbeistolas
562 1309 593 1368 et
602 1302 736 1369 Schema
751 1303 842 1375 misit,
854 1324 891 1367 ac
902 1303 974 1367 tacti
986 1304 1129 1387 Speciem
1140 1301 1262 1366 uberius
1274 1299 1450 1364 notificavit

343 1414 470 1497 blagnus
492 1432 565 1477 sane
590 1418 638 1477 ast
655 1412 717 1477 lliri
740 1411 828 1493 hujus
851 1412 939 1476 unius
964 1411 1104 1477 ePrimis
1120 1411 1248 1493 Magnae
1263 1407 1452 1472 Brittanniae
1552 1473 1554 1505 Ι

253 1522 378 1588 Paribus
394 1522 432 1589 ad
445 1522 644 1587 Serviendum
656 1520 904 1585 Serenitatinae
916 1520 1064 1585 infucatus
1076 1520 1213 1591 allectus,
1230 1526 1321 1604 quem
1332 1516 1454 1581 abunde
1553 1520 1554 1568 ἲ

255 1634 372 1718 experti
387 1652 507 1705 sumus,
533 1653 593 1701 uon
616 1632 696 1696 enim
719 1631 817 1697 solum
837 1632 870 1693 iu
884 1630 958 1694 Aula
973 1630 1144 1701 Borussiea,
1160 1628 1215 1694 sed
1231 1632 1264 1693 et
1278 1628 1310 1691 in
1325 1626 1455 1709 Anglica
1553 1661 1554 1686 ι

255 1740 341 1805 uobis
358 1761 446 1825 ιιιιιιιιι
461 1740 587 1805 maxime
603 1738 726 1824 proluit,
743 1758 780 1803 ac
794 1738 934 1822 profecto
951 1737 1035 1802 lirma
1050 1756 1106 1822 spe
1122 1743 1240 1808 teneor,
1256 1736 1338 1799 bunc
1350 1734 1455 1799 Comi·
1553 1725 1554 1730 ’

254 1854 317 1913 tem
332 1851 466 1932 Reginae
482 1850 628 1914 Pavorem
652 1848 866 1932 promeritum,
892 1847 942 1933 qni
958 1847 1171 1913 sinceritatem
1185 1865 1269 1910 suam
1285 1843 1454 1909 Serenitati

254 1958 333 2022 Vrae
350 1956 542 2041 aperiendam
557 1957 655 2042 petiit,
671 1957 778 2022 tuturis
797 1976 916 2041 quoque
927 1954 1127 2042 Temporibus
1141 1956 1174 2019 iu
1185 1954 1292 2038 Anglia
1306 1970 1455 2039 perquam

254 2065 358 2130 utilem
380 2066 522 2131 laturum.

347 2173 551 2259 Sequentibus
564 2193 631 2238 mor
644 2173 757 2237 Diebus
771 2191 789 2236 e
801 2173 988 2237 Cancellaria
1002 2175 1082 2239 Suae
1094 2171 1260 2255 blajestatis
1273 2170 1457 2237 Borussioae

254 2283 413 2367 Rescripta
436 2287 628 2355 emanarunt,
652 2282 690 2347 ad
706 2282 862 2347 Ministros
877 2283 970 2366 Regis
993 2284 1025 2346 in
1040 2282 1122 2348 Aulis
1138 2282 1252 2345 exteris
1276 2281 1458 2351 existentes,

253 2394 360 2476 rigore
381 2412 505 2476 quorum
520 2394 557 2457 iis
581 2391 840 2464 committebatur,
864 2398 898 2455 ut
917 2398 1060 2477 qnantum
1076 2392 1114 2456 ab
1129 2391 1237 2455 iisdem
1261 2389 1329 2454 lieri
1344 2390 1456 2474 possit,

256 2500 391 2565 omnibus
407 2499 521 2565 viribus
546 2501 576 2563 in
600 2521 637 2565 eo
661 2502 737 2573 sint,
763 2521 822 2585 quo
838 2502 990 2584 Hungaria
1011 2506 1042 2565 et
1057 2499 1287 2582 'lbanssylvauia
1302 2498 1457 2562 mediante

255 2609 333 2675 Pace
358 2610 389 2673 in
412 2610 570 2693 pristinum
593 2609 770 2674 restituatur
785 2614 905 2674 statum.
947 2609 1038 2675 llissa
1062 2613 1133 2674 sunt
1155 2608 1233 2672 haec
1254 2606 1394 2671 mandata
1419 2604 1459 2670 ad

254 2714 502 2783 Ambassadorom
512 2718 544 2780 in
555 2718 673 2800 Anglia,
686 2718 786 2782 Bnum
799 2718 949 2781 Barouem
965 2718 1004 2782 de
1016 2718 1190 2802 Spanbeim,
1206 2716 1245 2781 ad
1259 2714 1459 2799 Plenipoten-

254 2826 373 2888 tiarium
389 2825 491 2909 llagae
504 2825 661 2898 Comitum,
674 2828 821 2891 Batonem
834 2826 873 2891 de
885 2826 1073 2900 Scbmettaa,
1089 2826 1127 2891 ad
1140 2826 1308 2890 Ministrnm
1319 2823 1458 2887 Viennae

255 2933 439 2997 residentem
455 2935 552 2998 Duum
568 2934 608 2999 do
623 2935 789 3008 Bartholdi,
805 2936 904 3021 quiin
919 2937 1021 3001 nltima
1037 2956 1091 3000 sua
1105 2936 1262 3001 Relatione
1277 2931 1461 2998 notificare·

256 3046 317 3105 rat:
335 3042 505 3125 Principem
522 3042 560 3106 de
573 3042 656 3107 Salm
672 3042 709 3107 ad
720 3044 878 3127 Magnates
891 3044 1049 3128 ilungaros
1065 3043 1188 3130 Caesari
1203 3042 1310 3106 fideles
1326 3040 1453 3112 dixisse,

254 3149 370 3213 Bellum
381 3151 581 3233 Hungarionm
605 3172 664 3215 nou
680 3154 784 3227 aliter,
800 3171 888 3238 quam
904 3155 1095 3220 restitutione
1106 3151 1292 3216 Libertatem
1305 3169 1362 3234 per
1374 3149 1457 3213 Cae-

255 3276 354 3322 sarem
376 3257 522 3329 tieudam,
546 3256 625 3324 finiri
649 3280 748 3344 posse.
780 3259 904 3326 Addidit
926 3268 1027 3326 mmen
1042 3260 1214 3326 Bartholdi:
1246 3258 1290 3323 Se
1313 3256 1457 3329 credere,

186 3425 189 3431 ,
255 3366 363 3431 talibus
379 3368 536 3434 Promissis
552 3388 570 3431 a
585 3375 672 3453 parte
687 3371 826 3435 Caesaris
843 3371 915 3435 nibil
932 3370 1115 3436 sinceritatis
1129 3371 1243 3435 inesse.

346 3476 460 3539 Bodem
481 3476 547 3540 fere
571 3482 707 3563 tempore
732 3481 851 3562 accepit
866 3481 950 3543 Bnus
965 3477 1121 3544 iablonski
1136 3478 1196 3543 om
1211 3476 1296 3542 Pauli
1318 3477 1357 3540 de
1372 3475 1457 3541 Rada

256 3584 430 3649 fasciculum
445 3587 610 3660 literarum,
626 3586 675 3652 oui
692 3589 843 3654 inclausae
859 3595 948 3653 erant
962 3590 1115 3673 Epistolae
1132 3588 1314 3653 serenitatis
1326 3586 1406 3651 Vrae
1423 3591 1456 3650 et

257 3694 393 3759 Statuam
410 3694 581 3777 Bglicorum
605 3696 643 3760 ad
657 3698 773 3780 Regem
789 3698 904 3762 Baniae
920 3698 1037 3764 ratione
1052 3698 1170 3763 tiendae
1186 3716 1242 3782 per
1257 3716 1341 3761 suam
1355 3694 1457 3777 blaje-

257 3806 365 3865 statem
389 3803 597 3867 Revocationis
625 3802 785 3888 Copiarum
808 3823 927 3869 suarum
952 3810 1056 3870 contra
1080 3806 1239 3888 ilungaros
1267 3801 1460 3866 militantium

258 3914 290 3972 et
311 3910 459 3993 siqnidem
476 3912 573 3976 nullus
589 3932 644 3996 pro
662 3919 733 3977 tuno
749 3914 882 3977 Berolini
898 3934 915 3977 a
931 3915 1016 3997 Rege
1031 3915 1146 3978 Bauiae
1161 3914 1348 3977 inveniretur
1365 3911 1461 3976 Mini-

259 4025 334 4090 ster,
351 4018 483 4082 Eaedem
498 4021 564 4084 Bno
577 4020 687 4087 Baroni
704 4021 742 4085 de
753 4021 875 4085 Lintelo
891 4022 1019 4087 traditae
1035 4027 1115 4095 sunt,
1132 4044 1169 4086 eo
1185 4022 1248 4094 tini,
1264 4026 1297 4086 ut
1308 4040 1364 4105 per
1375 4019 1461 4084 illum

259 4148 318 4190 non
342 4129 437 4192 solum
454 4129 534 4193 Suae
550 4132 716 4213 Majestati,
732 4136 795 4195 tum
811 4131 947 4196 Venetiis
964 4134 1170 4205 commoranti,
1187 4138 1271 4197 certo
1286 4130 1461 4195 reddendae

260 4234 358 4323 (quod
383 4242 414 4301 et
437 4238 565 4326 lactum)
589 4246 779 4312 curarentur,
812 4241 868 4304 scd
891 4247 924 4306 et
944 4242 1024 4327 quod
1047 4244 1073 4307 is
1096 4246 1234 4328 putaret,
1259 4239 1460 4304 Eductionem

258 4345 336 4409 hauc
352 4346 506 4412 commode
523 4347 589 4411 fieri
606 4368 708 4434 posse,
726 4350 751 4413 si
763 4348 869 4414 militia
881 4351 942 4423 illa,
955 4372 981 4415 a.
995 4352 1032 4416 D.
1045 4352 1083 4415 D.
1097 4349 1260 4415 Ordinibus
1272 4347 1460 4420 Hollaudiae,

259 4456 432 4521 melioribus
455 4476 510 4541 pro
528 4458 612 4539 Rege
628 4458 742 4521 Baniae
766 4458 990 4524 conditionibus
1012 4460 1229 4543 susciperetur.
1255 4457 1361 4521 Omnia
1384 4476 1460 4521 vero
