3117 5084
1187 331 1236 403 23

36 502 201 570 Bruuellis
225 505 332 569 duoem
360 505 398 569 de
419 503 631 587 blarlborougb
651 507 840 577 inventuros,
868 507 924 571 sed
951 504 1058 570 fefellit
1078 526 1127 569 me
1154 527 1241 590 spes3

36 614 166 697 aonepit
198 615 278 677 enim
303 614 393 678 hodie
414 615 547 678 dominus
567 613 722 679 iablonski
746 615 855 681 domini
879 614 1058 679 Cardonnell
1086 615 1243 679 intimioris

37 720 241 786 admissionis
270 722 347 807 apud
368 723 472 787 ducem
494 722 550 786 viri
566 723 721 807 epistolam
735 724 882 787 Bruxellis
897 722 1113 807 significantem
1129 723 1243 787 Ducem

38 830 71 895 5.
95 832 206 897 blartii
228 830 261 895 in
280 832 414 915 Angliam
437 832 563 896 solvisse
587 852 673 915 quem
696 836 728 897 ut
751 832 866 897 facilius
890 833 976 919 sequi
999 833 1105 896 lioeret
1127 833 1241 896 salvum

39 940 234 1006 oonduotum
251 945 374 1005 eatenus
392 940 477 1005 nobis
493 940 670 1013 transmisit,
693 961 748 1025 quo
763 942 868 1006 muniti
883 940 1059 1027 propediem
1075 939 1154 1005 bono
1171 961 1240 1005 oum

38 1049 99 1114 deo
116 1050 183 1115 iter
207 1049 418 1133 ingrediemur.
453 1048 520 1112 Non
535 1070 656 1134 possum
672 1070 730 1133 ego
747 1070 817 1123 non,
835 1050 905 1135 quin
921 1049 999 1113 dom.
1015 1050 1171 1116 iablonski
1182 1051 1240 1114 boo
1328 1086 1338 1103 .

38 1159 71 1223 in
94 1160 227 1243 negotio
255 1159 357 1223 utilem
378 1164 409 1223 et
429 1178 568 1241 magnum
593 1159 689 1223 zelum
710 1159 744 1223 S.
762 1159 797 1222 V.
820 1158 950 1243 aperiam
972 1159 1040 1223 dum
1061 1160 1238 1245 praesertim

39 1268 200 1353 neglectis
217 1288 289 1352 qvas
306 1267 344 1331 ob
360 1267 519 1331 delleetum
534 1266 662 1331 mandati
685 1267 770 1331 aulae
787 1267 990 1332 Berolinensis
1006 1268 1120 1331 habere
1136 1272 1240 1352 posset

42 1377 275 1443 difficultatibus
297 1377 361 1441 solo
384 1376 503 1441 terrore
518 1376 552 1442 S.
569 1376 604 1441 V.
622 1375 773 1441 serviendi
795 1376 900 1441 duetus
921 1381 1006 1441 uasto
1023 1381 1054 1441 et
1068 1376 1239 1461 periculoso

43 1487 120 1551 mari
142 1507 181 1551 so
208 1486 393 1551 committere
418 1504 600 1569 nequaquam
624 1484 774 1549 detrectat
800 1491 831 1550 et
859 1484 997 1571 prolecto
1018 1487 1150 1551 Persona
1174 1486 1239 1569 ejus

44 1596 207 1661 maximum
235 1598 415 1659 momentum
445 1599 476 1658 et
504 1592 619 1679 pondus
650 1594 845 1677 negotiationi
873 1594 963 1659 addit.
1011 1595 1240 1659 Serenissimam

44 1704 139 1769 eredo
161 1705 212 1769 uel
235 1705 363 1767 mouisse
386 1703 432 1767 vel
455 1702 540 1767 breui
555 1708 699 1767 moturum
720 1705 927 1787 Regiomonto.
957 1704 1098 1789 Sumptus
1124 1704 1240 1768 itineris

48 1814 136 1879 5000
154 1814 218 1877 tall.
237 1813 315 1877 dom.
331 1810 486 1877 iablonski
500 1813 547 1875 uel
563 1812 686 1876 maxine
709 1812 777 1877 ideo
801 1813 1048 1885 subministrant,
1074 1812 1150 1896 qvod
1166 1811 1238 1876 red-

49 1922 140 1987 ditum
152 1921 354 2005 Principissae
367 1922 397 1985 in
408 1921 587 2003 Hungariam
600 1942 636 1984 ex
648 1921 747 1985 multis
760 1921 924 1986 rationibus
937 1922 967 1986 in
978 1921 1035 1984 hae
1048 1920 1239 2005 expeditione

52 2032 172 2095 multum
198 2030 387 2114 profuturum
414 2030 642 2101 existimasti,
670 2034 701 2095 et
727 2029 872 2114 siquidem
894 2035 1019 2095 eatenus
1043 2028 1132 2093 tidem
1154 2051 1238 2095 suam

57 2140 225 2205 eambialem
252 2138 288 2203 ad
315 2139 427 2204 initium
453 2159 548 2223 usque
577 2139 647 2204 iulii
674 2138 869 2223 interposuit,
893 2139 926 2202 S.
950 2137 985 2201 V.
1011 2140 1239 2204 clementissime

57 2249 182 2321 curabit,
211 2252 245 2313 ut
268 2268 381 2313 summa
402 2249 476 2313 haee
499 2248 535 2313 ad
554 2248 635 2311 illum
651 2247 809 2313 torminum
826 2248 988 2312 exolvatur.
1027 2248 1240 2333 Imperatorem

52 2358 129 2424 inter
149 2362 183 2421 et
196 2358 306 2441 Papam
329 2378 385 2441 pax
406 2378 441 2421 ea
463 2357 533 2439 lege
549 2358 689 2422 oonclusa
713 2362 745 2421 ut
761 2376 865 2439 regem
882 2356 1019 2421 Carolunr
1034 2358 1240 2441 Hispaniarum

52 2487 156 2552 regem
173 2470 318 2550 agnoscat
334 2471 394 2530 ete.

629 2574 659 2637 9.

139 2701 357 2768 Sobreiben
381 2701 444 2765 des
467 2702 590 2765 Herrn
613 2722 641 2765 u.
666 2700 852 2765 Cardonel
876 2722 919 2764 an
940 2699 1155 2766 iablonski.

400 2821 573 2892 Brllssel,
594 2818 626 2884 4.
651 2819 749 2883 lldru
773 2820 887 2885 1700.

52 2945 160 3020 copie
177 2948 216 3003 de
238 2946 268 3001 la
293 2946 394 3001 lettre
418 2946 509 3000 ecrit
534 2962 591 3016 prr
614 2945 667 3000 llr.
688 2943 857 3001 Cardonel
880 2961 895 2998 ι
921 2946 977 3000 ldr.
1000 2944 1038 2999 do
1060 2945 1240 3001 iablonski

9 3044 11 3139 ξ
56 3056 136 3093 sous
161 3038 187 3091 le
225 3056 293 3093 nom
315 3037 355 3092 da
375 3038 540 3093 Peterson
562 3035 655 3093 dalti
677 3036 716 3091 de
737 3036 918 3091 Bruxellos
942 3038 972 3091 le
988 3038 1016 3091 4.
1034 3054 1118 3091 mars
1140 3036 1237 3093 1700.

267 3166 452 3233 Monaieur!

9 3276 10 3319 ἓ
140 3277 250 3342 blilord
266 3277 331 3340 Duo
346 3276 393 3340 n'a
410 3296 502 3345 reoeu
518 3274 565 3360 qu'
575 3274 641 3339 hier
657 3277 684 3339 la
701 3276 792 3339 lettre
808 3274 846 3358 de
862 3274 968 3338 milord
980 3273 1054 3340 Rabi
1069 3274 1109 3339 du
1125 3275 1180 3340 23.
1198 3275 1239 3340 00

9 3372 10 3375 “
52 3387 124 3451 mois
140 3386 249 3470 passde
264 3406 319 3469 par
334 3386 462 3471 laquelle
478 3384 511 3449 S.
527 3384 562 3448 11.
579 3403 701 3469 marque
718 3404 774 3468 qve
793 3405 864 3449 vous
885 3384 968 3447 allies
984 3404 1058 3449 vous
1073 3389 1182 3450 mettre
1199 3406 1238 3449 en

52 3496 168 3559 obemin
185 3515 258 3561 areo
273 3495 329 3560 blr.
346 3497 499 3567 Rosenau,
521 3514 597 3578 pour
611 3494 697 3559 venir
711 3494 766 3566 ioi,
784 3493 857 3557 mais
874 3512 988 3557 comme
1005 3494 1037 3558 S.
1054 3495 1088 3559 A.
1105 3492 1159 3558 fait
1175 3498 1237 3559 etat

52 3604 88 3667 do
104 3604 198 3689 partir
214 3605 330 3668 demain
345 3624 422 3688 pour
439 3602 660 3687 s'embarqver,
684 3604 704 3667 il
721 3608 770 3667 est
785 3601 957 3687 impossible
974 3606 1005 3666 et
1020 3623 1116 3667 meme
1132 3604 1235 3668 inutile

54 3713 90 3776 de
105 3734 176 3778 rous
194 3713 318 3777 enuoier
333 3714 362 3777 10
377 3717 545 3798 passapont,
563 3733 619 3797 qve
632 3733 704 3778 vous
721 3712 904 3785 souhaittes;
920 3732 994 3777 vous
1009 3731 1121 3795 pouves
1137 3713 1236 3776 mieux

51 3822 138 3905 juger
153 3821 243 3907 qv'un
262 3828 361 3895 autre,
386 3822 433 3888 s’il
448 3842 521 3887 rous
538 3823 683 3886 eonvienn
707 3821 745 3886 de
761 3822 861 3886 suivre
876 3821 909 3885 S.
927 3821 961 3885 l.
978 3841 1017 3884 en
1031 3822 1234 3905 Angletterre.

54 3932 98 3995 lln
118 3952 152 3996 oe
174 3953 225 3997 eas
246 3953 319 3998 vous
340 3953 453 4018 pouues
469 3953 542 3997 vous
565 3932 741 4015 embarquer
757 3930 830 3994 dans
852 3931 882 3994 10
903 3931 1035 4015 premier
1057 3931 1236 4015 paqvetboot

9 4106 10 4121 2
55 4039 100 4123 qui
113 4040 224 4124 partira
247 4038 285 4104 de
312 4041 339 4103 la
357 4041 460 4104 Brille.
492 4036 559 4124 i'ay
579 4038 633 4103 fait
653 4043 721 4123 part
735 4038 774 4103 de
791 4039 857 4103 oeni
872 4060 890 4103 a
905 4037 1012 4103 milord
1027 4038 1111 4111 Rabi,
1128 4038 1234 4102 eteris

9 4178 11 4247 p
54 4152 113 4212 tres
127 4151 331 4215 sineerement
349 4151 395 4215 ltlr
397 4196 540 4215 .....

9 4254 10 4257 ¹
545 4258 623 4322 otoit
638 4258 745 4345 alyne:
760 4257 795 4321 A.
813 4254 1000 4321 Cardouel
1014 4253 1052 4342 ¹).

9 4422 10 4425 ,
136 4366 173 4432 10
184 4369 266 4451 joins
284 4390 325 4432 un
340 4371 498 4452 passaport
513 4368 551 4432 de
572 4366 679 4431 ltlilord
694 4368 752 4433 duo
767 4386 844 4452 pour
860 4387 965 4451 passer
986 4386 1025 4429 en
1039 4366 1231 4448 Angleterre.

87 4564 109 4633 ί)
126 4562 202 4619 Slebs
216 4564 267 4617 den
279 4566 511 4635 rosbergebenden
526 4566 640 4620 Bariobt.
