3117 5084
329 396 376 467 18

322 592 431 657 aupres
444 572 481 637 de
493 570 573 637 l’une
587 575 618 635 et
630 570 667 636 de
679 572 955 637 l'autrel’iussance
967 594 1086 660 parson
1098 572 1195 638 eredit
1206 576 1238 637 et
1248 572 1516 657 meriteberoiqm

322 686 354 746 91
368 702 423 766 par
437 682 466 746 la
482 700 616 764 engager
631 700 689 745 une
700 680 809 746 Nation
824 702 841 746 a
857 701 915 745 une
931 682 1163 752 reconoissance
1178 683 1325 747 eternelle
1341 702 1437 767 aussy
1446 681 1516 745 bier

323 788 414 876 qu'en
425 810 503 875 moy,
521 788 649 874 quisuis

411 900 564 965 Monsieur
579 899 617 963 de
632 898 725 965 Votre
741 899 861 965 Altesse

966 996 1030 1057 tres
1047 991 1148 1075 obligd
1163 991 1205 1055 lni
1219 988 1331 1055 rendre
1348 990 1472 1055 service

1037 1099 1220 1166 Francois
1243 1099 1395 1163 Prince.

899 1227 930 1290 9.

582 1353 743 1417 Bericht
764 1351 972 1417 Klement’s
1001 1373 1046 1416 an
1069 1352 1252 1437 lldldczy.

536 1563 566 1627 P
589 1563 619 1627 P
722 1471 1104 1544 oeconomorum.

410 1670 636 1737 Evidentissime
653 1672 686 1737 S.
702 1671 737 1738 V.
755 1691 874 1737 causam
891 1672 987 1737 divina
1002 1672 1143 1754 maiestas
1159 1670 1348 1755 amplectitur
1363 1668 1513 1755 siquidem

321 1778 419 1844 divino
435 1781 539 1845 auxilio
556 1781 632 1845 duce
649 1781 774 1845 Domino
790 1780 971 1846 Rullorszki
985 1785 1054 1866 post
1070 1781 1216 1845 exantlata
1232 1778 1359 1862 plurima
1376 1777 1513 1861 pericula

321 1896 462 1973 superato
486 1889 569 1973 gravi
585 1895 617 1954 et
631 1890 679 1955 rix
695 1910 753 1954 non
769 1890 914 1974 pestifero
929 1890 1032 1955 morbo
1048 1891 1138 1955 hodie
1159 1888 1278 1953 tandem
1292 1887 1353 1950 buc
1369 1885 1513 1950 advenire
1555 1973 1556 1978 γ

320 1998 413 2071 licuit,
431 1998 616 2081 obligaminis
631 1998 691 2061 mei
707 2005 790 2062 esset
805 1998 940 2083 protinus
957 1998 1203 2064 bincBerolinum
1217 2016 1339 2061 morere
1351 1994 1409 2058 sed
1421 2013 1512 2079 spero
1555 2004 1556 2088 i

321 2106 355 2171 S.
372 2108 406 2171 V.
430 2107 615 2171 clementiam
637 2110 843 2171 excusaturum
865 2107 944 2192 quod
967 2113 1091 2193 propter
1114 2107 1280 2171 catharrum
1303 2103 1460 2167 difficilem
1481 2104 1511 2166 iu
1555 2097 1556 2124 ³

321 2214 450 2279 suturam
465 2235 560 2299 usque
576 2219 690 2300 postam
710 2215 773 2280 sire
790 2216 867 2279 diem
883 2216 1024 2280 Mercurii
1041 2216 1099 2281 iter
1119 2214 1242 2279 differre
1263 2214 1454 2284 necessitor;
1475 2231 1511 2275 ne

323 2328 422 2387 tamen
438 2322 534 2388 officio
551 2343 617 2389 meo
634 2323 739 2397 desim,
755 2344 782 2389 a.
796 2324 829 2389 S.
842 2326 877 2389 V.
891 2325 962 2389 mihi
976 2324 1191 2409 benignissime
1207 2321 1401 2387 concreditos
1416 2318 1510 2383 fasci-
1555 2377 1556 2398 ,

321 2432 404 2496 culos
426 2432 579 2496 literarum
601 2432 689 2498 hodie
710 2432 747 2497 ad
764 2433 919 2499 iablonski
941 2436 1065 2521 expedio
1087 2432 1222 2498 addendo
1240 2452 1316 2516 quae
1331 2430 1366 2494 S.
1383 2429 1422 2494 V.
1441 2450 1511 2493 ore·
1555 2413 1556 2456 i

322 2544 409 2605 tenus
436 2540 636 2605 mandaverat.
677 2542 835 2607 Caeterum
858 2544 991 2608 existimo
1014 2543 1046 2608 S.
1069 2544 1104 2608 V.
1126 2542 1250 2607 traditas
1272 2560 1342 2604 esse
1366 2538 1512 2623 epistolas

323 2669 395 2733 qvas
411 2649 529 2714 Siveczi
550 2654 680 2714 moratus
703 2652 860 2735 aliquoties
884 2652 1043 2716 humillimo
1060 2672 1126 2715 cum
1143 2650 1286 2734 obsequio
1303 2666 1514 2718 exaraveram
1554 2645 1555 2721 l

319 2757 426 2841 scripsi
441 2778 477 2821 ea
493 2778 551 2843 que
568 2758 639 2822 mihi
655 2759 831 2823 dicebantur
846 2763 878 2823 et
894 2780 969 2843 quae
985 2760 1022 2824 ad
1037 2758 1269 2844 promovendum
1284 2761 1316 2821 et
1338 2754 1513 2839 augendum

322 2870 431 2930 statum
443 2867 510 2931 Ser.
524 2866 602 2932 Vrae
614 2868 715 2932 facere
728 2868 939 2939 existimabam,
953 2871 984 2932 et
996 2869 1067 2933 licet
1078 2870 1231 2951 bucusque
1247 2887 1281 2931 se
1296 2865 1345 2929 illa
1360 2884 1424 2930 non
1442 2882 1516 2926 exe-

321 2980 459 3047 ruerant,
476 2980 574 3039 tamen
591 2976 667 3040 etin
683 2977 740 3042 hoc
756 2977 864 3041 itinere
880 2998 936 3062 per
950 2978 1100 3042 Poloniam
1116 2975 1193 3062 apud
1216 2975 1418 3045 nobilitatem,
1443 2972 1517 3036 licet
1554 2966 1555 3016 ἶ

324 3082 367 3146 eis
383 3083 502 3165 ignotus
519 3082 634 3157 luerim,
652 3106 688 3149 ex
703 3085 886 3151 discursibus
903 3086 1090 3169 colligebam,
1105 3072 1329 3149 Lubomirslrios
1345 3103 1416 3146 eum
1433 3082 1516 3146 Cae·
1554 3091 1555 3130 l

323 3212 390 3254 sare
403 3191 432 3254 ln
445 3193 608 3277 perniciem
629 3194 790 3277 Hungarie
807 3194 865 3259 imo
881 3201 913 3258 et
927 3197 1020 3280 ipsius
1037 3195 1160 3259 Polonie
1179 3193 1341 3258 colludere.
1357 3192 1516 3257 Scribitur
1554 3201 1555 3207 ’

321 3299 408 3363 modo
433 3300 613 3365 Gandavium
640 3323 696 3386 per
724 3303 830 3367 ducem
857 3304 895 3368 de
916 3302 1166 3392 biarl(borough)
1184 3323 1312 3387 operose
1329 3300 1512 3385 oppugnari.

324 3407 525 3481 Mercatores,
542 3411 592 3494 qui
612 3413 821 3476 commercium
836 3412 988 3477 literarum
1004 3412 1036 3476 iu
1050 3412 1161 3476 ltaliam
1176 3412 1304 3483 babent,
1320 3414 1514 3480 assecurari,

322 3519 480 3580 tractatum
496 3524 645 3583 secretum
660 3522 738 3584 inter
751 3520 910 3585 Caesarem
926 3526 957 3585 91
972 3521 1081 3607 Papam
1097 3522 1268 3588 conclusum
1284 3540 1365 3592 esse,
1380 3518 1414 3582 id
1430 3516 1514 3603 quod

325 3627 357 3686 et
373 3627 492 3688 caetera
507 3627 612 3692 melius
627 3629 757 3694 berolini
773 3631 888 3695 rescire
905 3630 1085 3697 allaborabo.

413 3733 591 3801 serenitatis
607 3740 708 3801 vestre
724 3738 902 3804 humillimus
918 3746 977 3805 etc.
995 3746 1054 3805 eto.

899 3919 930 3985 4.

560 4042 717 4108 Bericht
743 4045 951 4113 desselben
979 4070 1021 4113 an
1045 4048 1265 4114 denselben.

672 4162 822 4237 Berolino,
841 4166 892 4230 19.
908 4166 1041 4232 ianuarii
1058 4167 1154 4232 1799.

539 4268 575 4332 Ρ.
591 4270 631 4334 Ρ.

414 4372 459 4437 Ad
480 4374 680 4441 Serenitstem
693 4378 766 4445 vm.
782 4401 852 4467 qvas
875 4383 1034 4448 humillime
1055 4384 1178 4450 Gedano
1202 4386 1233 4448 3.
1249 4383 1338 4466 hujus
1362 4402 1507 4448 exarare-

326 4501 388 4545 ram
415 4484 545 4566 perlatas
573 4505 641 4549 esse
668 4488 763 4553 nullus
788 4488 905 4566 dubito;
930 4492 1000 4556 inde
1028 4494 1190 4558 secundum
1213 4491 1382 4577 obligamen
1405 4510 1506 4555 meum

327 4589 623 4675 obsequentissimum
638 4594 739 4660 literas
756 4616 827 4680 qvas
842 4598 875 4663 S.
888 4601 924 4666 V.
936 4600 1008 4666 mibi
1023 4602 1251 4668 clementissime
1263 4602 1454 4668 commiserat
1469 4600 1506 4665 ad
