3117 5084
279 354 330 426 68

276 531 452 595 satisfacere
469 533 582 613 posset,
599 532 811 614 praeterquam
827 529 908 593 enirn
923 527 1003 614 quod
1017 529 1105 602 Belli,
1122 529 1201 615 quod
1217 530 1298 595 inter
1312 529 1479 614 Imperium

277 640 343 721 ejus
365 638 537 703 foederatos
552 643 593 723 ,et
614 638 740 702 Galliam
762 638 880 720 geritur
904 640 1039 702 incertus
1060 637 1157 704 aditam
1180 644 1306 710 eventus
1327 643 1392 710 est,
1416 659 1481 703 uon

278 749 414 812 modicae
440 746 560 811 obstant
582 745 772 810 difficultates
794 747 951 830 quominus
974 745 1008 810 S.
1031 747 1067 810 ll.
1083 747 1123 812 ld.
1145 767 1221 832 quae
1245 749 1310 832 ipsa
1332 748 1421 830 gravi
1442 769 1480 812 ac

277 857 440 940 longinquo
458 855 610 920 detinetur
625 854 706 919 bello
726 854 765 918 ad
787 856 918 919 futuram
938 854 1177 939 pacificationem
1196 856 1357 922 advertere
1377 857 1482 941 possit

277 967 404 1030 animum
426 984 486 1028 non
507 969 607 1029 tamen
628 967 793 1048 propterea
812 983 915 1028 curam
938 961 1061 1046 abjiciat
1076 964 1206 1030 afflictae
1220 966 1385 1048 Religionis
1405 966 1481 1049 quin

276 1075 355 1138 baud
371 1074 459 1136 aliter
475 1093 510 1136 ac
525 1073 656 1154 majores
672 1072 718 1135 sui
731 1072 924 1136 serenissimi
935 1073 1064 1137 Sueciae
1076 1074 1177 1155 Reges
1193 1072 1231 1137 ad
1247 1093 1314 1137 eam
1324 1075 1356 1137 in
1366 1075 1479 1158 rigore

277 1181 512 1248 conseruandam
529 1199 645 1244 omnem
662 1181 803 1245 conferre
820 1200 942 1266 operam
957 1201 1080 1266 semper
1095 1183 1156 1246 erit
1169 1183 1370 1266 paratissima,
1394 1182 1480 1267 quod

276 1293 353 1356 sicut
370 1292 401 1354 S.
419 1291 453 1354 li.
470 1289 510 1353 bl.
529 1288 691 1353 arbitratur
713 1309 750 1355 ex
771 1291 917 1355 anteactis
941 1296 1082 1356 constare
1103 1291 1144 1354 ita
1161 1310 1253 1375 porro
1268 1311 1337 1356 cum
1352 1293 1480 1356 occasio

276 1421 310 1464 se
328 1398 471 1462 obtulerit
486 1417 669 1481 propensum
685 1399 716 1461 in
733 1405 893 1464 consortes
915 1403 1099 1484 augustanae
1121 1399 1318 1465 consessionis
1341 1400 1479 1465 studium

276 1507 431 1572 declarare
462 1510 493 1570 el
516 1525 642 1569 exerere
670 1527 730 1571 non
756 1509 946 1573 intermittet.
991 1507 1244 1592 Quemadmodum
1270 1528 1328 1573 nec
1353 1509 1478 1574 dubitat

275 1617 488 1699 Imperatorem
504 1618 565 1677 tum
581 1615 753 1682 foederatos
767 1617 851 1702 ipsos
865 1617 917 1681 illa
932 1617 999 1683 fore
1010 1614 1241 1701 aequanimitate
1253 1622 1286 1681 ut
1298 1618 1479 1702 compositis

276 1724 396 1788 tandem
412 1722 519 1792 turbis,
537 1742 613 1805 quae
629 1724 811 1807 Hungariam
828 1725 971 1796 excitant,
984 1725 1096 1808 justam
1110 1725 1362 1808 Euangelicorum
1376 1728 1480 1790 ratio·

276 1853 344 1897 nem
359 1832 473 1895 habere
490 1831 591 1895 velint.
631 1833 676 1898 Ad
692 1833 861 1918 Collegium
879 1833 1047 1918 Eperiense
1071 1832 1151 1918 quod
1173 1834 1281 1898 attinet
1298 1834 1359 1916 jam
1381 1841 1479 1900 antea

277 1941 441 2004 declaratio
457 1940 489 2003 S.
507 1941 541 2004 ll.
559 1939 599 2004 bl.
616 1960 709 2024 super
729 1941 788 2006 boc
812 1942 891 2008 lacta
912 1947 1027 2014 exstat,
1052 1947 1084 2006 et
1097 1939 1278 2006 beneficium
1294 1942 1372 2026 quod
1385 1943 1480 2006 blun-

274 2050 395 2132 garicae
419 2048 546 2111 nationis
576 2048 719 2114 studiosis
748 2051 778 2115 in
800 2051 931 2135 collegio
958 2049 1196 2114 Griliswaldensi
1223 2070 1400 2116 concessum
1425 2055 1479 2116 eat

275 2157 388 2222 eisdem
401 2156 526 2240 posthac
539 2156 716 2222 confirmare
727 2157 808 2222 baud
819 2159 1006 2243 grauabitur⁴
1022 2159 1116 2223 Porro
1129 2178 1196 2223 cnm
1211 2177 1248 2222 ea
1261 2157 1368 2240 injuria
1380 2177 1475 2242 quam

274 2267 305 2330 in
328 2265 476 2329 Comitatu
493 2263 688 2348 Scepusiensi
708 2286 726 2330 a
749 2267 891 2352 Principe
912 2264 1121 2331 Lubomirscio
1143 2265 1334 2348 Evangelicis
1362 2266 1475 2331 inserti

274 2379 440 2460 queruntur
452 2372 569 2437 loederi
581 2375 751 2446 novissimo,
762 2375 842 2460 quod
851 2373 1026 2440 Warsauiae
1037 2375 1212 2439 conclusum
1224 2378 1282 2446 est,
1294 2373 1478 2438 adversetur

275 2503 365 2548 curae
388 2481 447 2545 sibi
469 2501 538 2544 esse
560 2481 640 2546 sinet
660 2483 693 2547 S.
710 2485 745 2548 il.
762 2483 803 2549 M.
826 2489 860 2548 ut
883 2503 950 2549 cum
972 2489 1109 2568 tempora
1129 2483 1161 2547 in
1176 2483 1299 2548 Polonia
1319 2485 1476 2567 pacatiora

277 2592 406 2662 fuerint,
431 2589 595 2653 remedium
611 2591 764 2655 afferatur.
796 2590 831 2655 Si
847 2590 976 2677 denique
997 2598 1120 2677 praeter
1142 2612 1230 2677 spem
1245 2592 1414 2675 contingat,
1440 2597 1477 2656 ut

273 2699 436 2782 Religionis
453 2719 542 2762 causa
556 2699 672 2783 quidam
685 2699 893 2784 Hungarorum
903 2701 1001 2765 solum
1010 2705 1133 2767 vertere
1144 2707 1292 2784 cogantur
1302 2701 1474 2784 relictaque

273 2809 371 2873 Patria
401 2811 520 2872 exteras
557 2827 704 2894 quaerere
731 2807 823 2873 sedes
850 2808 969 2874 afflictis
1003 2809 1152 2896 ejusmodi
1185 2810 1276 2875 sicuti
1302 2809 1336 2874 S.
1363 2810 1398 2874 ll.
1429 2808 1472 2873 lt

273 2918 463 2982 inhumanum
479 2921 586 2983 censet
600 2917 736 2983 solatium
753 2917 908 3000 denegare
929 2918 971 2982 ita
991 2917 1024 2982 in
1046 2919 1151 3002 Regno
1173 2938 1229 2983 suo
1250 2937 1287 2982 ac
1307 2916 1472 3001 provinciis

272 3028 398 3092 liberam
414 3027 627 3092 habitationem
643 3027 707 3112 pari
729 3045 797 3090 cum
812 3026 964 3109 indigenis
976 3028 1047 3111 jure
1063 3045 1124 3092 non
1139 3027 1293 3091 illibenter
1307 3025 1469 3091 concedet

273 3137 320 3200 lle
347 3141 467 3200 caetero
502 3134 629 3200 dominis
663 3133 811 3218 ablegatis
838 3135 960 3200 felicem
985 3135 1114 3200 reditum
1142 3140 1228 3220 optat
1254 3134 1361 3219 eisque
1384 3136 1471 3218 juxta

273 3249 391 3309 coetum
406 3244 657 3327 Euangelieorum
672 3248 846 3308 versabrros
863 3245 902 3307 de
917 3263 972 3308 sua
987 3243 1090 3310 Gratia
1106 3265 1142 3309 ac
1152 3243 1368 3309 benevolentia
1383 3244 1471 3327 regia

273 3373 398 3417 securos
422 3373 491 3417 esse
514 3352 605 3438 cupit.
636 3353 745 3417 Datum
766 3356 920 3437 utsupra.
952 3352 998 3417 Ad
1013 3352 1183 3420 mandatum
1197 3353 1231 3419 S.
1248 3353 1282 3418 m
1299 3353 1470 3436 blajestatis

273 3461 410 3526 Sueciae.

988 3550 1040 3636 (h-
1058 3549 1112 3637 s.)
1160 3579 1163 3584 ·

307 3654 406 3729 (Copia
426 3673 476 3710 rcn
488 3655 633 3714 illament'c
644 3657 745 3728 Hand.)
1152 3659 1185 3723 c.
1202 3658 1329 3742 Piper.

840 3857 894 3920 25.

462 4001 632 4065 lntwort
653 4001 995 4066 blanel-bruininx
1019 4022 1064 4067 an
1086 3999 1271 4087 Rakoozy.

561 4142 688 4216 wien,
716 4144 774 4208 11.
801 4144 1030 4228 September
1055 4145 1170 4209 taos.

486 4305 733 4394 Monsciqneur!

360 4427 428 4512 J‘ay
450 4448 488 4492 eu
511 4429 676 4494 l'honneur
693 4431 730 4494 de
746 4433 890 4496 receuoir
905 4433 934 4495 le
951 4433 1004 4496 23.
1022 4431 1147 4496 d'doust
1161 4432 1284 4495 dernier
1298 4451 1358 4495 rne
1375 4433 1465 4496 lettre

271 4533 410 4599 deVotre
423 4538 543 4602 Altesse
560 4558 629 4602 sans
645 4539 705 4602 lieu
721 4561 762 4625 ny
778 4540 861 4604 datte
877 4546 910 4605 et
925 4539 1032 4624 signee
1044 4539 1189 4603 Francois
1201 4541 1309 4604 Prince
1321 4561 1397 4604 arec
1407 4561 1465 4606 rne
