3117 5084
295 335 373 409 312

295 514 456 582 aobserrd
472 517 522 600 luy
537 533 651 580 mesme
666 513 713 577 du
734 512 907 598 procede
929 511 974 575 de
996 513 1028 574 la
1050 531 1144 576 cour
1164 508 1208 573 de
1224 508 1367 574 Vieuue
1382 527 1495 591 pourra

294 622 370 687 taire
397 625 461 688 voir
488 625 506 689 d
533 643 599 688 ces
627 624 861 707 puissenoes
888 621 1027 688 combieu
1054 621 1075 684 il
1101 625 1149 683 est
1171 616 1345 682 necessaire
1370 635 1431 701 que
1454 617 1494 699 je

293 751 441 815 pronus
457 752 533 797 mes
549 732 802 818 precautions
818 736 856 797 et
872 749 944 816 que
956 732 996 815 je
1015 727 1184 796 chercbe
1207 746 1284 791 mes
1307 729 1495 790 seuretes

294 861 386 905 avec
403 841 461 905 les
477 842 678 906 ministres
694 840 740 905 de
756 846 864 906 cette
881 840 1051 925 courqui
1067 859 1112 903 oe
1128 835 1495 920 cbaugeroutjamais

294 950 359 1015 des
380 950 559 1014 maximos
582 969 723 1015 envers
746 969 829 1035 moy
850 950 887 1013 ui
907 969 961 1014 ma
984 949 1140 1014 maisou.
1172 945 1405 1009 lomeremets
1421 943 1441 1006 ὸ
1457 961 1494 1006 ce

294 1076 352 1144 que
367 1059 425 1122 lllr.
443 1057 599 1124 iablonski
614 1079 688 1125 sous
704 1059 848 1124 mandere
862 1080 915 1125 sur
929 1059 960 1124 le
974 1063 1105 1124 couteuu
1120 1055 1160 1119 de
1179 1054 1208 1118 la
1228 1054 1320 1118 lettre
1336 1073 1396 1138 que
1417 1071 1494 1118 sous

292 1167 342 1252 luy
359 1186 431 1232 avet
449 1167 571 1233 merite·
959 1183 1145 1250 Francois
1159 1182 1295 1247 Princc
1309 1201 1350 1245 m
1366 1200 1399 1264 p.

330 1271 489 1347 (original.)
857 1319 935 1386 164.

509 1447 729 1513 Schreiben
752 1444 991 1514 dablonslri's
1015 1467 1060 1511 an
1084 1445 1269 1511 lllcment.

685 1565 798 1639 Berlin,
816 1565 869 1632 15.
886 1565 1082 1632 1111111712.

511 1691 758 1776 Wohlgebomer

427 1801 510 1866 blein
526 1802 684 1867 insonders
700 1801 940 1886 llochgeEbrter
955 1803 1034 1866 llerr
1050 1799 1209 1866 Geratter!

382 1908 424 1974 So
440 1908 519 1973 eben
535 1909 650 1974 crhalte
664 1909 837 1976 Inschlilsse
852 1931 905 1975 aus
917 1910 1058 1994 Dantzig,
1074 1909 1135 1973 und
1150 1907 1247 1994 dabey
1259 1906 1492 1974 eiuSobreiben

290 2038 346 2082 von
360 2019 548 2103 Princeps
564 2018 665 2084 dieses
677 2017 804 2084 lohalts:
829 2019 874 2084 Ex
892 2019 1051 2084 clementii
1067 2019 1169 2082 ultima
1180 2023 1268 2102 posta
1283 2017 1322 2081 ad
1337 2035 1386 2080 me
1403 2017 1490 2082 etad

290 2134 322 2193 tc
344 2128 466 2212 scriptis
484 2129 594 2193 biteris
616 2127 709 2193 miror
730 2131 879 2194 necdum
902 2136 948 2195 sat
969 2129 1149 2194 maturuisse
1163 2127 1297 2210 juvenile
1314 2128 1382 2210 ejus
1396 2128 1490 2210 iuge-

291 2239 389 2312 nium,
414 2238 498 2321 cujus
515 2239 658 2304 instinctu
674 2238 907 2323 denegationem
923 2241 1085 2325 petitorum
1101 2258 1222 2304 suorum
1238 2237 1489 2302 incusationibus

289 2348 474 2412 inimicorum
492 2354 522 2413 ct
538 2349 661 2414 sinistro
677 2369 744 2412 meo
761 2369 836 2432 erga
852 2369 886 2414 se
902 2349 999 2414 auimo
1015 2348 1180 2414 attribuere
1197 2348 1284 2418 solet.
1298 2367 1359 2411 non
1375 2366 1488 2411 neces·

289 2457 370 2522 sitati
394 2477 470 2541 quae
492 2475 540 2522 me
561 2457 646 2522 titulo
670 2459 818 2545 Principis
840 2463 976 2532 exutum,
999 2458 1123 2522 Comitis
1139 2456 1317 2540 Qualitatem
1339 2455 1487 2520 affectare

289 2568 393 2637 suasit,
410 2571 442 2629 et
457 2566 609 2649 complura
626 2567 750 2649 patienti
767 2566 864 2630 animo
880 2567 1030 2630 sustinere
1047 2565 1135 2637 tacit,
1159 2585 1218 2628 nec
1238 2568 1339 2627 tamen
1359 2564 1491 2628 animum

288 2673 416 2757 trangit,
439 2673 523 2757 cujus
547 2673 664 2738 divitias
687 2675 774 2738 unice
793 2674 945 2757 possideo.
980 2674 1123 2739 Oblivisci
1138 2693 1231 2757 porro
1248 2692 1316 2735 eum
1331 2677 1491 2756 oporteret

288 2781 506 2864 superfluorum
522 2802 597 2866 quae
607 2783 767 2866 Catalugos
781 2783 985 2867 Expeosarum
999 2784 1063 2867 ejus
1074 2782 1202 2865 implere
1214 2781 1323 2852 solent,
1336 2801 1376 2844 ue
1389 2787 1490 2846 tamen

287 2892 318 2954 in
334 2890 504 2956 infirmitate
521 2912 574 2955 sua
590 2892 802 2957 necessitatem
818 2894 948 2976 patiatur
965 2912 1078 2977 quaere
1102 2911 1214 2977 quaeso
1232 2891 1298 2954 300
1314 2891 1489 2975 imperiales

287 2999 316 3062 ei
333 3000 586 3072 transmittendos,
605 3021 679 3085 quos
696 3021 744 3064 me
759 3001 815 3066 tibi
831 3003 1076 3067 transmissurum
1098 3000 1135 3064 ad
1156 2999 1246 3064 linem
1262 2999 1378 3063 biensis
1400 3000 1489 3083 hujus

287 3108 334 3171 vel
351 3107 466 3172 initium
482 3111 637 3193 sequentis
654 3111 799 3194 spondeo.

378 3217 469 3280 Diesc
481 3218 546 3281 300
559 3220 589 3282 ll.
602 3219 706 3302 folgen
719 3223 772 3285 mit
782 3221 839 3285 der
849 3220 998 3286 nachsten
1010 3222 1091 3294 Post,
1105 3221 1175 3284 weil
1192 3239 1226 3282 es
1242 3218 1336 3282 beute
1354 3241 1392 3284 uu
1410 3227 1488 3304 spit

286 3325 337 3389 lcb
346 3326 447 3390 wollte
456 3326 508 3392 das
516 3327 686 3394 Schreiben
698 3331 728 3393 in
740 3331 878 3415 originali
890 3331 1048 3402 sebiclreu,
1057 3351 1090 3394 es
1100 3328 1287 3412 iolgcnabcr
1298 3329 1329 3391 in
1338 3329 1488 3414 sclbigern

287 3433 387 3516 einige
404 3455 519 3517 passus,
533 3437 648 3500 welebc
665 3438 714 3502 iclr
729 3438 790 3521 bey
802 3439 888 3502 lloffe
904 3439 934 3502 in
951 3439 1092 3522 originali
1104 3438 1275 3502 vorweiseu
1287 3457 1382 3504 muss.
1409 3439 1488 3504 Deru

287 3542 456 3606 Schreiben
468 3543 545 3608 nacb
558 3546 616 3608 und
629 3547 705 3611 nach
717 3547 797 3612 habe
809 3549 867 3611 alle
879 3547 1027 3612 erbaltcn.
1040 3547 1091 3612 lcb
1103 3548 1194 3620 botl'e,
1208 3546 1277 3610 dass
1290 3545 1342 3609 die
1354 3550 1487 3623 meineri,

286 3650 346 3713 und
362 3650 416 3713 mit
431 3649 567 3733 selbigeu
579 3654 708 3719 llistoria
720 3656 928 3741 Diplomatica,
946 3656 1023 3720 auch
1039 3657 1164 3722 werden
1180 3656 1387 3737 eingclaud'en
1404 3679 1486 3742 sepo

770 3765 853 3839 Vale,
874 3770 906 3830 et
922 3767 1002 3831 Fare

375 3869 486 3942 Berlin,
502 3870 560 3934 den
580 3871 631 3937 15.
649 3873 747 3938 Martii
765 3874 863 3938 1712.
1001 3929 1004 3933 ,
1150 3876 1398 3940 Petersonio.

323 3971 482 4046 (Originall
836 4054 901 4118 165

530 4179 750 4244 Schreiben
775 4181 950 4246 bonnet's
982 4205 1024 4246 an
1046 4183 1229 4247 Klement.

567 4305 613 4367 De
628 4305 767 4370 Londres
783 4327 820 4370 ce
836 4305 983 4371 4.-111.
1001 4309 1081 4372 blars
1099 4308 1196 4372 1712.

373 4427 418 4489 De
434 4434 533 4494 toutes
550 4431 595 4494 les
611 4433 817 4515 propositione
834 4452 892 4516 que
914 4434 944 4497 le
960 4435 1068 4499 Princo
1084 4435 1211 4517 Eugeue
1227 4455 1244 4498 a
1260 4435 1353 4502 saites
1369 4441 1389 4504 d
1407 4445 1484 4502 cette

284 4533 380 4606 Ccur,
406 4538 426 4599 il
447 4535 498 4622 n'y
523 4559 539 4602 a
563 4560 600 4604 eu
623 4560 681 4623 que
706 4541 782 4604 celle
799 4544 849 4625 qui
866 4543 997 4626 regardo
1013 4545 1040 4608 la
1055 4564 1168 4626 guerre
1185 4565 1223 4608 eu
1240 4545 1408 4630 Espagne,
1430 4569 1484 4612 son
