3117 5084
304 341 381 412 408

302 516 472 579 informe
496 517 587 578 mais
614 534 753 578 eomme
781 516 836 578 tes
865 515 1134 579 declaratione
1161 516 1355 579 violentes
1384 515 1431 577 de
1460 514 1493 577 Ιι

303 644 393 687 eour
410 622 453 686 de
470 624 635 687 Wienne
656 644 709 686 sur
731 642 799 687 mon
823 624 903 705 sujet
925 644 992 687 aux
1016 623 1125 688 Etats
1142 621 1345 687 Generanx
1370 630 1407 687 et
1430 642 1495 685 arro

303 732 506 795 ministres
523 731 954 814 desitoysdePotogne
976 738 1014 795 et
1035 732 1082 794 de
1099 733 1240 795 Prusse
1260 752 1307 795 ne
1329 752 1388 794 me
1410 730 1498 795 tais-

302 839 1500 923 sentespereraucunearantegequeparlaroiedeiaFraoee‚

300 950 334 1030 je
350 950 432 1011 erois
456 970 494 1012 ne
519 949 624 1012 devoir
649 949 738 1011 rien
760 948 946 1013 eraiodre
969 950 1013 1013 de
1035 955 1142 1015 eette
1163 949 1307 1013 affaire
1336 950 1497 1033 qnetan

302 1065 410 1121 sorte
425 1057 564 1142 qu’ette
580 1058 712 1141 puisse
728 1059 834 1122 avoir
850 1058 1107 1142 parcequeSr.
1126 1059 1160 1120 te
1176 1058 1305 1123 comte
1322 1058 1496 1123 deitert·

303 1175 412 1230 teren
435 1186 451 1228 a
474 1187 582 1229 assez
604 1166 649 1227 de
665 1166 791 1230 eredit
807 1186 900 1250 pour
916 1187 955 1230 se
971 1168 1177 1231 maintenir
1193 1174 1230 1231 et
1246 1168 1347 1231 taire
1368 1184 1496 1230 resen-

303 1275 369 1339 dre
391 1276 446 1339 tes
469 1275 581 1339 Etats
603 1275 807 1340 Generanx
830 1297 845 1337 a
868 1276 899 1339 ta
917 1276 1193 1340 continuation
1217 1275 1315 1339 deta
1340 1277 1494 1340 Guerre.

302 1385 421 1448 d'aures
437 1384 654 1448 certainement
675 1386 848 1468 pinsaes
859 1404 972 1468 perer
994 1383 1039 1448 de
1062 1390 1168 1449 cette
1184 1386 1496 1465 Resolutionan

304 1492 346 1555 du
363 1511 500 1555 sueees
524 1491 570 1554 de
593 1493 627 1554 ia
648 1498 839 1576 presente
863 1494 1107 1575 negotiation
1129 1495 1161 1557 si
1184 1514 1224 1556 au
1249 1491 1496 1557 contraireit

303 1602 392 1665 vien
415 1622 432 1664 a
454 1609 541 1664 etro
564 1602 676 1665 exeiu
699 1602 745 1663 de
770 1600 920 1665 nombre
943 1603 1014 1665 des
1036 1602 1419 1686 plenipotentiaires
1442 1600 1496 1661 ies

303 1729 539 1793 esperonees
563 1730 749 1794 quernus
773 1730 827 1773 me
850 1711 999 1774 donner
1025 1732 1070 1774 ne
1093 1710 1497 1794 sontpasmedioeres

304 1841 349 1882 en
369 1825 566 1903 sorteque
584 1838 737 1883 ronsne
758 1820 878 1883 deveo
897 1820 981 1882 rien
998 1816 1497 1903 negligerponrseeonder

303 1929 359 1991 tes
384 1928 608 1991 intentione
629 1928 697 1991 des
720 1929 921 1991 ministres
945 1930 989 1991 de
1011 1927 1168 1992 Franee.
1200 1928 1237 1991 de
1254 1947 1328 1991 rous
1350 1944 1495 2005 enrerray

303 2057 358 2120 par
374 2037 402 2099 ta
417 2040 505 2119 poste
521 2034 560 2099 de
576 2036 708 2121 Samedy
724 2037 868 2120 prorhain
886 2037 940 2100 des
957 2038 1061 2100 tettres
1078 2036 1116 2099 de
1134 2036 1251 2119 ehange
1268 2056 1306 2097 en
1330 2035 1438 2099 ieveur
1453 2032 1494 2093 dr

303 2146 444 2210 Prinee
460 2146 504 2208 dn
522 2144 684 2208 Korakin
702 2166 777 2228 poor
794 2146 928 2228 t'argent
943 2165 1001 2230 que
1014 2144 1045 2224 je
1064 2146 1112 2229 toy
1129 2145 1195 2209 dois
1211 2164 1323 2207 enoore
1349 2142 1389 2206 de
1410 2142 1493 2222 cetur

303 2255 379 2339 qo’it
397 2276 470 2318 vous
485 2275 502 2318 a
519 2256 639 2324 aranee,
658 2259 688 2317 et
703 2275 761 2317 nne
778 2259 862 2317 autre
879 2273 990 2317 encore
1007 2254 1044 2317 de
1062 2255 1136 2317 trois
1153 2274 1225 2317 oens
1237 2273 1310 2316 oeus
1322 2257 1411 2317 votre
1423 2249 1493 2313 snb·

303 2365 443 2427 sistanee.
481 2363 597 2427 d'oeris
621 2362 710 2426 aidir.
727 2362 929 2427 dabtonsiri
953 2382 994 2425 an
1017 2362 1118 2443 sajet
1139 2362 1182 2426 du
1204 2362 1267 2425 rin
1290 2360 1384 2423 dont
1407 2378 1493 2421 roos

303 2492 356 2535 me
377 2472 510 2556 partez
538 2478 575 2533 et
598 2471 773 2553 j'espere
801 2471 890 2553 qu'it
913 2470 1116 2553 disposera
1137 2471 1195 2532 tes
1223 2468 1492 2532 marchandsa

303 2601 393 2644 rous
422 2581 521 2643 taire
549 2580 672 2641 tirrer
698 2577 826 2642 t'antal
856 2599 924 2661 que
953 2599 1047 2642 vous
1077 2598 1129 2641 me
1161 2576 1367 2640 demandet
1398 2596 1493 2659 poor

302 2690 332 2753 M
341 2689 440 2752 itord
464 2688 669 2753 Stratiord.
710 2689 748 2752 de
772 2696 971 2773 compteque
996 2708 1069 2752 vous
1093 2688 1287 2751 eontinuerez
1313 2706 1386 2749 areo
1410 2691 1492 2749 notre

303 2798 423 2861 activite
439 2803 470 2859 et
484 2803 569 2861 rotre
585 2798 657 2859 aete·
667 2797 816 2860 ordinaire
832 2818 847 2859 a
864 2796 1085 2861 t'avancement
1101 2796 1154 2859 des
1172 2816 1235 2858 mes
1252 2797 1388 2858 interets.

347 2935 513 3016 Atergo:
804 2986 807 2991 .
954 2932 1135 2997 Franeois
1159 2933 1352 2994 Priorem.
1371 2950 1400 3012 p.

563 3041 755 3105 Adtoosienr

491 3167 643 3232 dionsieur
660 3168 796 3232 Gnaden.
886 3248 895 3257 ι

340 3294 497 3365 (original.)

858 3456 933 3523 246.

563 3584 718 3647 Berieht
741 3582 949 3647 Klement's
973 3604 1017 3646 an
1040 3582 1226 3665 dedezyl

648 3710 817 3773 D'Utreeht
834 3712 862 3773 te
879 3710 931 3773 23.
951 3710 1036 3794 sept.
1058 3710 1153 3773 tiit.

392 3874 463 3955 d'ay
484 3894 576 3937 reeeu
600 3875 617 3937 d
639 3875 667 3937 ta
689 3875 747 3937 tois
769 3876 861 3937 eeltes
884 3874 922 3936 de
938 3874 973 3939 V.
991 3877 1024 3937 A.
1042 3875 1074 3937 S.
1093 3874 1132 3935 dn
1151 3875 1201 3937 tt).
1220 3882 1250 3936 et
1267 3872 1305 3935 du
1326 3871 1377 3936 14.
1395 3872 1436 3935 de
1455 3894 1490 3935 ee

303 3984 387 4047 mois.
414 3982 536 4045 Comme
551 3982 682 4045 t'affaire
699 3983 736 4045 de
753 3984 808 4045 nir.
827 3984 855 4045 ie
872 3984 975 4046 Comte
992 3982 1029 4044 de
1042 3982 1211 4045 ssachteren
1229 4002 1302 4045 aree
1318 3982 1374 4045 nn.
1390 3981 1489 4045 Mena-

304 4114 360 4175 ger
387 4093 472 4155 n‘est
499 4113 552 4175 pas
580 4112 692 4155 encore
720 4094 838 4173 ajoustd
864 4098 963 4155 tontes
991 4093 1035 4155 tes
1065 4092 1264 4175 negotiatione
1286 4091 1489 4173 sonspendnes

305 4202 510 4285 dependentia
522 4201 686 4264 resolution
700 4202 753 4264 des
761 4202 844 4264 Etats
857 4202 998 4283 dontj'ay
1008 4201 1091 4283 parte
1105 4200 1177 4263 daos
1189 4220 1234 4261 ma
1249 4200 1434 4283 precedenti
1446 4200 1489 4261 n'a

304 4314 353 4374 ete
364 4313 446 4394 prise
459 4332 516 4394 que
530 4313 557 4373 ie
570 4312 623 4374 21.
637 4312 675 4373 de
696 4332 731 4375 ee
749 4332 843 4394 moys,
861 4311 904 4373 tes
924 4310 1065 4373 Franoois
1077 4310 1244 4393 paroissent
1257 4310 1392 4373 resoines
1406 4311 1443 4373 de
1454 4332 1488 4373 nr

186 4463 188 4466 -
304 4422 370 4482 rien
386 4421 546 4483 demordre
563 4441 579 4482 a
595 4427 646 4483 oet
658 4420 750 4501 egmnd
769 4420 806 4483 de
826 4422 905 4481 teurs
919 4421 1085 4504 premieres
1099 4420 1259 4481 demandes
1273 4419 1291 4480 it
1306 4418 1368 4482 tant
1381 4420 1488 4483 roirrr

305 4550 363 4611 qne
379 4530 482 4591 Mitord
501 4529 647 4591 Stratiord
666 4530 739 4592 inira
756 4532 829 4591 darm
846 4536 926 4592 cette
943 4529 1082 4592 oeensioo
1100 4528 1205 4611 depuis
1221 4549 1276 4589 son
1293 4528 1399 4611 depart
1413 4530 1451 4591 de
1467 4532 1488 4591 tn
