3117 5084
312 343 386 414 124

308 517 426 580 humilis
442 518 542 600 opinio
559 518 639 582 foret
655 518 796 600 optimam
813 539 918 583 eornm
933 518 1108 584 metbodum
1122 519 1201 588 tore,
1217 521 1253 578 ut
1267 535 1305 578 se
1320 507 1520 597 imperatoris

309 628 486 691 clementiae
507 626 733 698 submitterent,
757 647 862 692 omnes
885 635 958 712 puto
988 628 1124 711 exceptis
1151 625 1362 690 confederatis
1393 619 1521 684 ducib·
1552 679 1553 705 ζ

311 736 442 819 quemvis
466 740 497 798 et
520 735 567 797 bis
588 737 664 818 ipsis
689 741 808 818 portam
829 737 927 801 adbuc
951 742 1086 820 apertam
1108 736 1176 799 lore
1194 753 1328 817 sperem.
1364 731 1406 794 Si
1421 735 1522 792 tarne·
1552 746 1553 767 i

313 863 369 925 par
385 845 536 924 generalis
552 843 614 914 liat,
632 845 828 926 principalem
845 865 931 929 spem
947 848 978 908 in
990 847 1065 929 ipsis
1077 847 1139 908 snis
1153 842 1293 907 fidelibus
1305 838 1524 923 compatricii
1553 824 1554 891 l

311 971 424 1032 ponere
448 951 576 1023 debent,
601 953 650 1036 qvi
672 953 795 1016 easdem
818 956 887 1017 sere
910 955 1102 1017 conditiones
1124 953 1288 1016 aCaesare
1311 969 1392 1033 qvas
1410 955 1445 1011 et
1465 947 1524 1030 ips

310 1061 469 1142 postulant.
513 1060 633 1124 Certum
663 1068 712 1124 est
739 1062 822 1144 ipsos
850 1069 1000 1146 nuperi,-
1032 1068 1193 1127 coronatos
1223 1060 1413 1142 accepisse,
1442 1055 1523 1140 qvod
1553 1050 1554 1057 '

312 1167 428 1249 quidem
445 1167 608 1231 subsidium
625 1187 682 1231 non
699 1168 749 1230 diu
767 1169 941 1234 duraturum
958 1177 1015 1234 est.

399 1275 430 1338 8.
447 1275 534 1340 Nor.
553 1277 671 1340 1710.
696 1276 800 1340 Miseri
815 1279 951 1361 llungari
966 1284 1124 1342 merentur
1139 1276 1386 1360 compassionem
1404 1279 1439 1335 et
1457 1289 1520 1354 ego

312 1387 370 1446 tam
387 1402 512 1466 magnus
529 1389 642 1448 amator
657 1405 722 1448 sum
739 1385 904 1458 libertatis,
926 1395 959 1449 ut
972 1387 1013 1449 iis
1029 1387 1200 1450 omnimode
1211 1384 1330 1448 servire
1344 1378 1525 1445 omnimode

313 1511 421 1564 coner;
445 1492 501 1554 sed
523 1494 620 1557 tenuis
636 1513 703 1556 mea
719 1495 821 1577 opinio
837 1500 897 1567 est,
912 1497 981 1559 illos
997 1496 1097 1558 inania
1113 1500 1291 1578 expectare,
1316 1492 1345 1555 si
1360 1511 1402 1554 se
1419 1489 1527 1552 ntilcn

314 1601 442 1684 aliquem
465 1601 501 1663 ab
524 1603 591 1665 aula
615 1602 671 1664 bac
693 1607 854 1667 tractatum
880 1605 1096 1688 impetraturos
1121 1603 1264 1674 eredunt,
1288 1621 1357 1664 narn
1385 1595 1524 1683 quamuis

313 1710 449 1772 minister
473 1711 685 1775 moscoriticus
716 1713 846 1796 principi
867 1713 1016 1778 lialoozio
1040 1713 1294 1779 'l'ranssilvaniam
1323 1715 1356 1774 et
1386 1705 1525 1772 caeteris

315 1817 439 1881 ducibus
457 1819 647 1902 aequivalens
665 1820 830 1884 secundum
845 1823 1072 1905 proportionem
1089 1842 1215 1906 sperare
1230 1821 1339 1890 faciat,
1361 1815 1525 1880 mbilomi·

315 1945 370 1988 nus
386 1932 484 1988 tamen
502 1947 558 2008 per
573 1928 726 1992 ministros
744 1930 937 2012 imperatoris
953 1931 1069 1995 certior
1088 1931 1200 1995 factuam
1212 1949 1278 1993 sum
1289 1927 1423 1991 Gnarum
1436 1923 1525 1986 aulae

315 2034 384 2098 huic
399 2034 597 2117 significasse,
615 2037 811 2101 intentionem
823 2059 907 2102 suam
923 2059 983 2103 non
999 2061 1070 2104 esse
1086 2040 1194 2125 aliquid
1210 2058 1304 2121 agere
1321 2035 1406 2120 qvod
1422 2032 1525 2097 eidem

315 2143 489 2226 displiceat,
512 2165 545 2208 se
566 2145 778 2210 mediationem
801 2153 833 2211 et
849 2147 947 2211 ollicia
964 2149 1100 2212 adinstar
1115 2150 1212 2212 solum
1226 2147 1298 2211 boni
1315 2144 1412 2209 ricini
1429 2141 1523 2206 obta-

315 2251 399 2315 lisse.
431 2253 547 2317 Taliter
570 2255 707 2318 infelices
730 2261 762 2318 et
783 2257 861 2320 male
885 2258 1015 2322 consulti
1030 2259 1165 2341 llungari
1189 2257 1236 2319 bis
1252 2253 1449 2318 confidentes
1467 2268 1523 2332 pro

315 2361 390 2423 reali
406 2380 459 2423 sua
475 2363 637 2426 securitate
655 2362 727 2426 nibil
745 2366 824 2428 certi
840 2368 995 2430 resolvere
1011 2368 1121 2438 sciunt,
1138 2366 1207 2430 dum
1223 2365 1343 2427 interea
1358 2361 1430 2423 anla
1445 2359 1523 2421 baec

316 2467 445 2551 majores
468 2469 580 2534 indies
604 2471 675 2534 lacit
690 2491 886 2557 progressus.
917 2475 1042 2539 'inedito
1060 2473 1194 2538 Zolnocl
1209 2473 1376 2555 imperator
1393 2467 1523 2532 liberam

315 2577 405 2642 habet
421 2597 488 2641 cum
504 2580 733 2662 Transsylrania
751 2585 1052 2647 communicationem
1068 2590 1101 2647 et
1117 2584 1248 2666 undiqve
1270 2581 1419 2642 continuo
1436 2578 1523 2640 linn-

316 2705 407 2767 goros
424 2687 601 2769 aggreditur
616 2696 759 2772 reputans
780 2712 814 2754 se
830 2689 911 2758 bello
928 2692 999 2756 bule
1014 2693 1093 2756 intra
1110 2695 1130 2756 o
1147 2710 1270 2754 menses
1284 2688 1376 2751 linem
1394 2683 1525 2768 imposi-

316 2799 425 2859 turum.
468 2797 618 2860 Assecuro
640 2798 676 2862 ll.
694 2800 729 2864 V.
755 2801 884 2883 optimos
912 2821 1019 2865 eorum
1044 2801 1095 2864 bic
1122 2802 1183 2864 loci
1211 2799 1379 2862 existentes
1410 2793 1524 2857 amieos

317 2905 431 2968 sentire
448 2907 589 2990 optimum
605 2909 678 2990 ipsis
695 2910 772 2981 lore,
789 2911 815 2973 si
831 2911 901 2976 hnic
917 2912 1041 2993 negotio
1058 2911 1097 2974 ad
1108 2911 1298 2974 conditiones
1311 2905 1477 2970 amnistiae
1492 2910 1524 2966 et

321 3014 397 3075 utin
414 3020 491 3078 statu
509 3022 578 3079 ante
594 3025 709 3101 sumpta
727 3039 807 3082 arma
823 3019 1042 3103 relinqventur,
1065 3019 1156 3082 linem
1172 3015 1387 3100 imposuerint,
1415 3019 1449 3076 et
1464 3029 1522 3074 nce

319 3123 377 3186 boc
404 3129 473 3207 post
489 3126 603 3208 aliquos
618 3145 740 3191 menses
756 3129 836 3192 sorte
859 3128 1049 3193 obtinebunt.
1089 3128 1135 3192 Ad
1158 3126 1317 3190 instantias
1340 3143 1427 3186 nune
1449 3139 1523 3184 snae

321 3228 406 3313 llajl’
422 3232 516 3296 laetas
540 3235 650 3298 nullum
666 3235 763 3300 adbuc
779 3236 810 3298 in
826 3236 921 3299 torma
945 3236 1050 3320 accepi
1073 3255 1270 3318 responsum,
1293 3233 1351 3296 sed
1373 3236 1522 3295 oretenus

317 3342 380 3424 jam
395 3341 425 3406 id
442 3342 584 3414 intellexi,
601 3363 657 3406 nec
674 3345 868 3427 cogitandum
883 3363 972 3419 esse,
992 3350 1026 3408 ut
1041 3346 1195 3428 negotium
1211 3346 1269 3407 boo
1285 3363 1343 3426 per
1358 3338 1523 3404 mediatio-

324 3470 391 3514 nem
407 3451 658 3517 accommodetur.

416 3557 475 3624 10.
491 3559 577 3622 Dec.
604 3560 718 3625 1710.
750 3561 896 3626 Reductio
918 3563 1068 3644 agriensis
1092 3559 1249 3627 confirmat
1269 3559 1367 3623 aulem
1387 3557 1470 3620 banc
1492 3554 1522 3616 io

323 3667 475 3749 opinione,
490 3666 603 3730 bellum
618 3667 677 3733 boc
693 3669 749 3732 bac
765 3670 874 3754 hyeme
889 3670 1015 3735 liniendi
1029 3677 1119 3755 atqve
1133 3669 1164 3732 id
1179 3669 1276 3753 ipsum
1291 3665 1398 3736 efficit
1415 3671 1452 3728 ut
1462 3682 1522 3745 ego

323 3777 389 3860 ipse
412 3796 527 3861 qvoqve
551 3777 583 3840 in
604 3777 660 3841 bac
683 3779 823 3862 opinione
838 3801 1049 3864 perseverem,
1070 3779 1142 3844 nibil
1158 3778 1308 3860 llungaris
1323 3777 1356 3838 in
1372 3793 1522 3858 praesens

325 3886 488 3950 consultius
511 3905 596 3957 esse,
620 3905 706 3969 qvam
728 3891 760 3951 ut
780 3908 816 3952 se
838 3888 1016 3954 submittant
1034 3887 1210 3973 imperatori
1224 3884 1355 3949 obtentis
1370 3883 1521 3952 emnistia·

325 3993 488 4058 honoribus
512 3999 543 4058 et
563 3994 651 4059 bonis
674 3997 763 4061 etad
786 4000 1014 4082 praetensiones
1038 4018 1108 4062 suas
1130 3998 1168 4060 ad
1189 3995 1314 4059 liberam
1336 3992 1451 4056 dietam
1470 3990 1520 4054 cui

326 4103 445 4185 ipsimet
461 4103 605 4168 assistere
621 4105 755 4188 possint,
779 4106 928 4188 rejiciant.
962 4107 1137 4171 certissime
1159 4105 1238 4168 enim
1259 4108 1320 4166 um
1339 4101 1428 4164 murlti
1450 4103 1521 4162 sunt

325 4211 382 4275 bac
398 4213 428 4276 in
444 4213 508 4275 aula
527 4213 632 4297 quibus
649 4215 767 4279 utilitati
783 4221 872 4300 atqve
888 4217 1086 4281 emolumento
1104 4216 1194 4286 soret,
1205 4215 1363 4294 ilungaros
1374 4210 1405 4273 ri
1419 4227 1520 4272 armo·

326 4341 391 4384 rum
414 4321 580 4403 subjugari,
596 4323 803 4406 utplurimum
818 4324 968 4406 gaudeant
986 4325 1065 4409 qvod
1085 4323 1179 4387 duces
1202 4321 1335 4405 ipsorum
1355 4319 1520 4402 persistant

327 4431 479 4503 obstinati,
496 4453 593 4516 neqve
608 4434 696 4497 unico
715 4435 794 4518 qvod
807 4435 867 4498 illis
883 4435 1022 4499 relictum
1037 4437 1086 4498 est
1099 4433 1199 4496 medio
1213 4435 1346 4501 utantur,
1362 4447 1472 4510 nempe
1486 4431 1519 4489 ut

328 4542 501 4606 tolerabiles
518 4541 554 4606 ab
571 4544 640 4630 aula
651 4563 706 4626 pro
723 4563 757 4606 se
773 4544 848 4628 ipsis
864 4545 1057 4628 paciscantur
1072 4543 1272 4607 conditiones.
