3117 5084
242 354 334 475 ,38

282 529 446 597 Serenitati
462 528 541 595 Vrae
558 529 716 597 devinctus
733 550 800 597 snm
818 528 1012 611 obligamioe,
1028 528 1121 595 dulae
1136 528 1297 593 borussiae
1312 526 1345 593 id
1360 525 1484 591 deside·

282 640 376 705 nantis
399 637 531 725 (quippe
554 638 651 705 adhue
675 644 737 705 tum
760 638 833 704 nihil
854 639 931 703 certi
949 656 1041 721 super
1063 636 1195 702 ineundo
1212 656 1230 701 a
1245 636 1312 701 Duo
1327 633 1486 701 iablonski

282 748 392 813 itinere
422 748 601 820 resolverat,
630 768 665 813 ac
693 766 742 813 me
771 748 868 816 solum
899 746 1043 831 expedire
1075 743 1269 831 intendebat)
1297 750 1349 809 aut
1375 743 1485 826 laegati

282 857 458 930 Britannici,
474 856 591 941 Mylord
605 858 689 941 Baby
705 876 765 923 non
781 858 931 942 potuerim
947 855 1101 921 declinare
1117 855 1300 922 voluntatem
1323 859 1377 918 ant
1392 853 1486 919 Ducis

283 964 322 1029 de
337 964 572 1049 biarleborcugh
586 986 635 1031 me
651 986 712 1033 oon
727 966 906 1032 submittere
925 966 1082 1037 mandato,
1106 965 1159 1049 qui
1172 965 1205 1028 in
1227 964 1291 1029 suis
1314 962 1353 1027 ad
1367 960 1485 1045 llylord

281 1073 365 1156 liaby
376 1074 506 1139 exaratis
519 1092 664 1159 expresse
676 1075 765 1140 dieii:
783 1073 861 1157 Qu'il
874 1078 922 1139 est
932 1073 1089 1159 impatient
1100 1073 1139 1137 de
1150 1072 1217 1137 noir
1228 1070 1317 1137 l'aide
1329 1071 1484 1153 decemp,

281 1181 361 1248 buno
377 1182 457 1247 enim
472 1183 680 1250 characterem
695 1184 767 1249 mibi
784 1182 901 1267 Mylord
916 1182 999 1267 Baby
1016 1182 1152 1248 dederat.
1184 1180 1279 1246 morit
1292 1200 1340 1243 me
1357 1181 1484 1263 insuper

279 1291 371 1357 toties
387 1292 440 1357 sati
452 1290 511 1357 Dni
525 1291 682 1357 iablonski
697 1293 860 1364 suarinas,
878 1294 928 1377 qui
944 1312 993 1357 me
1008 1292 1150 1357 comitem
1164 1296 1198 1355 et
1212 1290 1339 1353 Testem
1352 1288 1485 1353 omniurn

282 1419 343 1465 nou
355 1400 422 1465 sine
434 1400 551 1465 ratione
563 1400 677 1465 babere
687 1401 789 1467 voluit.
813 1401 955 1468 Gratulor
967 1400 1076 1467 exinde
1087 1399 1171 1470 mibi,
1182 1398 1262 1483 quod
1273 1398 1366 1461 talem
1378 1400 1486 1461 nactus

281 1507 338 1573 sim
354 1509 544 1573 occasionem
562 1528 619 1593 qua
635 1510 786 1577 sinceram
802 1515 834 1573 et
848 1509 1041 1575 baunillimam
1056 1507 1233 1573 fidelitatem
1247 1508 1279 1571 in
1293 1512 1354 1571 tam
1370 1504 1485 1570 lllmtri

282 1614 412 1698 Negotio
437 1616 603 1683 Serenitati
624 1617 704 1683 Vnae
728 1618 936 1683 demonstrare
960 1638 996 1683 ae
1018 1637 1066 1682 me
1090 1617 1178 1681 simul
1202 1617 1299 1698 magis
1324 1616 1485 1699 magisque

284 1743 425 1808 capacem
448 1724 579 1790 reddere
603 1727 752 1809 potuerim
775 1725 980 1791 adulteriora
1004 1743 1073 1789 oum
1094 1726 1195 1792 tractu
1218 1722 1383 1789 Serenitati
1404 1722 1486 1787 Vrsa

284 1832 362 1918 apud
378 1833 505 1899 Exteras
522 1833 613 1899 etlam
629 1832 719 1899 dulas
735 1834 916 1918 praestanda
930 1833 1073 1901 Servitia.

375 1940 555 2007 Tradiderat
590 1960 665 2024 ergo
696 1942 977 2009 Reuerendissimus
1005 1941 1149 2006 Dominus
1179 1938 1337 2005 ,iablonski
1368 1940 1486 2023 Regiae

283 2047 434 2130 Majestati
473 2050 671 2122 Bornssicae,
702 2050 884 2115 serenitatis
911 2050 991 2114 Vnae
1029 2048 1195 2133 Epistolam
1225 2054 1258 2113 et
1288 2050 1485 2115 transmissae

283 2156 490 2221 Instructionis
507 2177 543 2221 ac
567 2156 718 2223 Desiderii
747 2158 927 2225 serenitatis
955 2157 1034 2223 Vrae
1063 2161 1201 2221 tenorem
1228 2157 1308 2223 Suae
1330 2157 1486 2241 blajestati

284 2266 432 2349 esposuit,
446 2285 523 2350 qnae
535 2272 634 2331 stante
646 2264 726 2351 pede
738 2268 940 2339 assecuravit,
956 2267 1007 2333 Se
1023 2268 1061 2331 in
1077 2266 1278 2338 omnibus,
1294 2272 1485 2351 quantum

283 2374 382 2437 lieri
407 2374 608 2457 potnerit,
633 2376 721 2440 Rem
742 2376 1001 2441 Serenitatis
1022 2376 1124 2441 Vnae
1146 2381 1186 2439 et
1206 2374 1485 2441 confoedera-

284 2482 608 2547 torumStatuum
635 2488 902 2567 promotorem
928 2482 1035 2548 etad
1057 2482 1485 2549 vendicandamSere·

286 2588 409 2655 nitati
432 2590 533 2653 Vrae
556 2592 905 2657 Transsilvaniam
928 2610 1011 2658 cum
1033 2591 1203 2656 Alliatis
1224 2592 1311 2656 suis
1334 2610 1485 2657 omnem

284 2716 448 2781 operam
471 2697 721 2765 collaturam.

376 2806 582 2890 Exspectabar
596 2806 663 2890 Ego
678 2808 812 2873 Berolini
828 2808 876 2872 rel
891 2808 1017 2873 maxime
1033 2807 1102 2873 ideo
1121 2808 1200 2892 qnod
1217 2808 1394 2891 agino-om
1408 2808 1484 2873 Sta·

286 2916 369 2977 tuum
393 2913 577 2982 Memorialia
600 2935 657 2981 nee
681 2915 750 2982 daun
771 2915 980 2987 advenissent,
1003 2933 1071 2981 cnm
1086 2921 1239 2981 marenca
1253 2917 1362 3000 rigore
1378 2916 1485 2981 traditi

284 3021 356 3085 mihi
372 3042 389 3084 a
405 3022 472 3086 Dno
487 3023 643 3089 iablonski
667 3025 698 3088 in
723 3023 897 3108 Septembri
916 3026 1003 3089 Anno
1026 3023 1113 3089 1708
1134 3024 1315 3089 llemorialia
1339 3027 1484 3109 require·

284 3134 407 3203 rentur,
431 3136 462 3195 et
486 3132 604 3197 illorum
629 3134 659 3195 in
679 3132 888 3199 instructionis
903 3132 1018 3197 Poneto
1034 3137 1139 3216 quarto
1162 3134 1275 3197 mentio
1297 3132 1404 3199 fieret:
1438 3137 1486 3199 be

285 3238 412 3321 proinde
437 3240 547 3323 optime
571 3242 681 3305 sactum
712 3240 952 3324 ridetur,·quod
975 3241 1082 3323 Sigillo
1106 3240 1281 3323 Eglieorum
1301 3242 1485 3307 Consistnrii

284 3347 413 3411 munitas
437 3348 556 3413 chartas
580 3370 596 3412 a
619 3350 685 3413 Dno
708 3350 827 3415 Barnne
850 3349 1036 3413 Hellenbacb
1064 3351 1253 3433 acceperim,
1277 3350 1375 3415 Secus
1399 3352 1484 3415 enim

284 3454 445 3537 Negotium
474 3455 532 3521 boe
556 3457 704 3523 retardari
728 3463 759 3523 et
783 3458 866 3523 Duos
886 3457 1043 3521 Jablonslri
1071 3458 1139 3522 iter.
1163 3478 1225 3524 non
1247 3459 1337 3523 facile
1359 3458 1484 3540 ingredi

285 3565 452 3646 potuisset,
477 3583 514 3628 eo
532 3565 611 3648 quod
627 3566 670 3637 is,
692 3583 751 3649 qua
766 3566 958 3647 Tbeologus,
983 3566 1032 3629 cui
1047 3566 1212 3647 Religionis
1228 3586 1318 3633 causa
1333 3567 1482 3650 imprimis

285 3673 415 3737 curanda
437 3672 643 3745 incumberet,
667 3674 906 3739 commissionem
921 3674 1104 3739 Serenitatis
1118 3676 1197 3739 lirae
1221 3695 1260 3739 ex
1274 3675 1381 3759 Capite
1396 3676 1483 3741 Reli-

284 3780 400 3861 gionis,
426 3781 505 3864 qnod
530 3782 667 3847 nimirum
691 3783 723 3845 iu
746 3780 910 3848 asserenda
926 3783 1091 3849 Serenitati
1108 3782 1187 3847 Vnae
1201 3784 1433 3869 Transsylrania
1448 3792 1483 3851 et

285 3889 498 3953 conservandis
510 3891 606 3971 Regni
622 3891 793 3972 ilungariae
808 3890 1013 3959 Libertatibus
1029 3892 1117 3974 bujars
1137 3892 1412 3977 aalnsdependeat,
1427 3894 1482 3957 tali
1540 3942 1545 3951 .

284 3996 456 4060 modolitate
472 3999 588 4080 pondus
606 3999 734 4070 additur,
750 4018 929 4082 promovere
946 4001 1153 4067 constituerat.
1182 4002 1223 4065 Ut
1236 4007 1337 4066 autem
1350 4001 1482 4067 Sereni-

283 4106 337 4168 tati
355 4104 433 4169 Vrae
449 4112 577 4179 constet,
595 4108 661 4190 quis
677 4108 778 4171 Tener
794 4107 996 4190 Epistolarom
1010 4108 1261 4191 Evangelioarum
1274 4110 1377 4179 luerit,
1393 4110 1481 4172 Paria

285 4213 456 4297 Conceptus
472 4216 532 4279 mei
548 4234 604 4299 per
619 4216 716 4281 Duum
731 4214 888 4281 omisisti
903 4217 1076 4302 approbati,
1101 4218 1151 4301 qui
1166 4216 1205 4281 ad
1220 4218 1388 4288 Potentiae,
1411 4236 1480 4281 erun

285 4321 392 4404 quibus
409 4344 487 4387 nunc
511 4324 548 4389 ad
565 4322 713 4407 agendum
730 4330 814 4396 erat,
837 4327 960 4390 mutatis
974 4324 1140 4396 mutandis,
1163 4324 1296 4391 directus
1319 4332 1386 4398 est,
1408 4326 1481 4391 buin

284 4430 430 4495 Relationi
454 4432 512 4495 Lit.
530 4434 563 4495 B.
581 4453 695 4496 annexa
718 4434 920 4516 reperiuntur.
953 4436 1005 4499 llis
1028 4433 1159 4517 peractis
1179 4434 1323 4516 vigesima
1345 4437 1480 4499 secunda

283 4538 417 4603 ,ianuarii
434 4539 463 4603 in
476 4540 555 4605 Aroe
566 4541 660 4621 Regia
671 4562 737 4607 enm
746 4540 1169 4611 Reverenaiissimodablonski
1178 4562 1356 4628 comparere
1363 4546 1478 4627 jussus.
