3117 5084
1201 327 1275 400 lm

80 510 263 573 Litterarum
284 510 318 573 Ρ.
341 508 378 573 D.
394 508 430 573 V.
455 507 504 571 die
527 509 556 571 7.
581 506 670 589 hujus
700 509 888 569 exaratarum
912 503 1060 589 appendix
1089 503 1278 569 occasionem

79 619 152 681 mibi
166 618 306 702 praebet,
322 616 450 681 eandem
464 615 604 698 rogandi,
620 620 654 679 ut
668 614 735 678 illas
753 634 827 698 quas
846 613 898 679 18.
915 613 1006 678 llebr.
1025 612 1062 677 ad
1074 614 1110 677 D.
1123 611 1278 677 lablonslri

80 727 152 791 dedi
175 728 292 791 attente
313 726 468 810 perlegat,
491 726 652 808 nequitiam
674 724 708 787 C.
725 722 925 788 llerberstein
947 722 1081 807 apprime
1105 719 1278 785 ediscendo.

82 836 119 899 ut
143 856 212 899 cum
234 836 266 899 in
287 834 393 899 eadem
415 854 451 897 re
466 833 661 897 Serenissimi
676 832 769 915 Regis
784 833 924 896 Prussiae
948 832 1112 895 authoritas
1129 818 1287 899 verseturs

80 964 119 1007 ne
135 945 203 1009 l'ors
217 964 275 1028 per
289 944 441 1008 silentium
456 962 554 1006 meum
570 946 603 1005 et
625 960 783 1025 pravorum
801 940 999 1005 Consiliorum
1019 958 1193 1004 successum
1217 938 1280 1001 lae-

80 1052 199 1125 denda;
222 1052 341 1116 omnino
364 1070 494 1117 neeesse
517 1057 583 1123 est,
604 1056 638 1115 ut
658 1050 690 1114 P.
708 1051 745 1113 D.
759 1049 795 1115 V.
818 1050 895 1114 baec
918 1046 1068 1131 ldajestati
1091 1048 1171 1112 Suae
1192 1046 1280 1109 modo

80 1180 221 1243 congruo
233 1160 367 1242 detegat.
394 1160 484 1224 Licet
494 1159 575 1223 enim
586 1159 622 1223 D.
635 1158 795 1223 iablonski
810 1156 840 1221 id
856 1178 912 1241 spe
929 1158 1022 1241 pacis,
1040 1176 1126 1240 quam
1143 1160 1281 1239 exparte

80 1268 300 1333 Viennensium
315 1268 466 1331 sinceram
481 1268 631 1331 existimat
646 1266 742 1329 minus
759 1284 887 1329 necesse
904 1284 973 1329 esse
990 1284 1119 1329 censere
1135 1262 1282 1334 rideatur,

81 1383 185 1441 buren
206 1378 276 1439 talia
296 1377 414 1441 illorum
436 1382 540 1461 pacta,
567 1375 714 1459 promissa
736 1380 767 1440 et
790 1375 893 1438 nescio
917 1392 994 1457 quae
1010 1393 1066 1457 pax
1083 1392 1205 1456 prorsus
1223 1392 1283 1437 non

81 1485 265 1571 impedient,
290 1505 330 1548 ne
344 1491 407 1550 tum
424 1485 509 1557 illos,
534 1484 583 1567 qui
606 1484 685 1548 domi
706 1483 812 1547 morati
829 1482 956 1555 suerint,
979 1499 1122 1547 successu
1138 1483 1283 1566 temporis

83 1595 256 1677 exagitent,
278 1598 341 1657 tum
363 1614 435 1665 nos,
458 1593 509 1676 qui
530 1592 604 1657 loris
625 1612 728 1656 sumus
749 1597 782 1656 et
802 1592 876 1676 ipsis
892 1611 948 1676 per
964 1593 1085 1674 negotia
1100 1596 1283 1674 pertractata

84 1703 187 1775 exosi,
217 1701 402 1785 quibuslibet
426 1701 608 1785 turpissimis
632 1700 745 1764 artibus
765 1720 877 1765 vexare
907 1706 939 1766 et
962 1700 1099 1783 affligere
1127 1705 1283 1764 sonentur.

82 1812 144 1875 lmo
170 1810 241 1873 dum
265 1810 498 1874 transactionem
520 1808 600 1872 illam
624 1811 656 1872 in
671 1809 823 1891 llungaria
839 1808 920 1894 (sive
937 1807 1040 1873 dolosa
1053 1810 1137 1891 Juxta
1153 1807 1285 1872 Consilia

83 1939 156 1989 sua,
180 1920 246 1982 sire
260 1920 358 1981 minus
375 1918 575 2002 periculosam
590 1917 627 1980 ad
645 1916 866 1981 serenissimae
881 1916 1015 1999 Reginae
1032 1922 1063 1981 et
1079 1918 1286 1999 colligatorum

82 2024 237 2112 mentem)
267 2025 486 2108 aggrediuntur
514 2025 585 2089 nibil
614 2045 667 2089 eos
694 2032 844 2098 moratur,
874 2029 944 2109 quin
965 2026 1122 2090 Dominum
1143 2025 1286 2089 aldamum

83 2135 192 2216 llalog,
208 2135 303 2198 virum
319 2140 421 2199 tantae
438 2134 630 2199 Consmntiae
647 2140 679 2197 et
694 2135 830 2207 virtutis,
846 2134 947 2197 Budae
964 2134 1170 2200 decolarerint
1185 2140 1216 2199 et
1232 2154 1287 2201 nos

84 2264 143 2327 per
158 2242 284 2306 insidias
301 2242 508 2326 deprehensos
525 2244 572 2306 rel
589 2242 687 2307 occidi
703 2248 855 2315 curarent,
872 2244 955 2307 velut
969 2243 1005 2307 D.
1024 2242 1057 2309 C.
1074 2244 1229 2327 Bereseny
1250 2263 1288 2307 ex

84 2349 226 2415 manibus
256 2369 359 2413 eorum
381 2350 567 2421 elabentem,
598 2351 742 2433 trajicere
771 2350 870 2414 conati
894 2356 978 2422 sunt,
1006 2350 1054 2415 vel
1074 2350 1234 2424 Viennam,
1262 2350 1288 2415 si

85 2464 232 2542 possem,
256 2457 402 2523 &ductos
415 2462 500 2541 juxta
514 2459 699 2542 iniquissima
714 2458 831 2523 dudleia
855 2478 908 2521 sua
926 2458 1103 2523 Zrinnianae
1126 2464 1157 2523 et
1171 2458 1288 2524 Nadas-

87 2568 198 2631 dianae
214 2568 289 2631 sorti
305 2567 395 2650 adjici
411 2574 535 2639 curent,
559 2588 755 2652 quaecuuque
779 2566 900 2632 tandem
922 2568 1083 2651 singularis
1108 2568 1209 2633 delicti
1233 2568 1289 2633 sub

87 2677 202 2740 Colore
219 2682 251 2741 et
265 2683 415 2761 pretextu.

184 2785 338 2868 Quaedam
365 2788 399 2852 Ρ.
422 2788 459 2851 D.
475 2787 512 2853 V.
536 2789 675 2851 sincerae
703 2794 735 2853 et
762 2789 935 2853 indefessae
962 2788 1148 2859 industriae,
1176 2806 1291 2871 suoque

88 2914 169 2977 erga
189 2914 239 2957 me
262 2896 383 2960 affectui
406 2896 599 2968 commendo,
620 2898 779 2981 reciproco
802 2918 869 2963 eum
893 2897 973 2981 grati
994 2897 1083 2961 animi
1105 2917 1195 2962 sensu
1218 2916 1292 2980 per·

87 3023 200 3067 maneo

284 3095 470 3160 Perillustris
486 3116 522 3161 ac
539 3096 717 3161 Generosae
734 3096 949 3162 Dominationis
965 3097 1093 3161 Vestrae

853 3206 1073 3271 addictissimus
1096 3226 1202 3271 servus

126 3327 290 3399 (θήεῑωῑ)
901 3333 938 3399 D.
956 3334 991 3395 ll.
1007 3333 1041 3396 B.
1059 3352 1097 3395 m.
1115 3352 1144 3415 p.

671 3476 725 3540 79.

312 3600 529 3665 Schreiben
553 3602 800 3690 Bercsenyi's
825 3624 867 3666 an
891 3602 1074 3667 Klement.

473 3729 610 3813 Leopoli
633 3728 686 3794 18.
703 3730 802 3813 Mautij
824 3729 921 3793 1711.

311 3871 496 3939 Mentem!

191 3978 238 4042 Ab
267 4000 305 4043 eo
332 3986 471 4065 tempore
499 4001 558 4066 quo
585 3983 757 4048 Dominatio
783 3984 890 4049 Vestra
913 3984 1052 4068 expedita
1075 3984 1175 4047 luerat
1202 3983 1298 4049 nullas

90 4088 246 4171 recipiens
270 4090 390 4154 Literas
407 4092 608 4156 Serenissimo
632 4112 752 4179 quoque
773 4092 905 4177 Principi
929 4094 1003 4156 nibil
1024 4098 1163 4157 constare
1179 4098 1288 4177 potue-

91 4195 150 4267 rit,
179 4194 219 4259 de
247 4197 286 4260 iis
312 4216 391 4282 quae
417 4200 534 4282 agenda
556 4200 756 4265 Dominationi
780 4200 907 4266 Vestrae
930 4202 1088 4265 commissa
1111 4206 1191 4272 sunt,
1209 4200 1292 4262 nibi-

94 4303 227 4367 lominus
253 4310 287 4368 ut
313 4307 417 4373 Status
444 4328 545 4373 rerum
572 4315 740 4374 nostrarum
768 4310 968 4375 Dominationi
997 4310 1125 4375 Vestrae
1153 4312 1295 4373 constare

95 4412 204 4494 possit.
218 4412 303 4476 bisce
311 4415 397 4495 J‘ussu
409 4434 483 4479 suae
495 4418 676 4482 Serenitatis
692 4418 930 4483 Dominationem
942 4417 1079 4481 Vestram
1096 4415 1136 4479 ita
1153 4416 1296 4478 informa-

93 4526 153 4583 tam
175 4542 247 4585 esse
262 4523 347 4593 volo,
362 4528 395 4586 vt
411 4527 581 4590 accuratius
603 4526 662 4590 sibi
684 4527 842 4591 summissa
865 4546 1044 4613 promovere
1066 4526 1142 4590 sciat
1158 4525 1294 4607 negotias
