3117 5084
302 367 377 438 tot

297 563 334 605 ex
348 542 486 606 mandato
503 543 687 610 dominorum
704 543 768 608 00.
786 543 978 608 Generalium
995 549 1143 607 exaratam
1159 563 1238 606 esse.
1277 543 1353 605 lleri
1375 541 1439 604 dux
1461 539 1499 604 de

297 651 530 735 llarlehorouglr
546 657 577 716 et
592 653 734 737 princeps
750 654 903 736 Eugenius
919 654 948 717 in
964 653 1153 716 Brahantium
1172 652 1305 717 ahirere.
1337 652 1410 733 Ego
1432 669 1499 713 eun

297 760 415 826 domino
431 760 635 846 lldrtrdlycssi
659 783 725 827 com
749 762 893 827 Ministris
912 762 1056 845 llngliae,
1079 761 1255 826 llollandiae
1277 767 1313 824 et
1333 759 1500 823 Bornsmae

296 871 473 936 contulimus
497 877 528 936 et
552 873 715 936 secundum
734 871 820 936 ducis
837 878 867 937 et
881 871 986 936 honum
1002 873 1216 936 resolutionem
1229 871 1281 933 hic
1296 871 1329 933 in
1344 870 1500 952 Angliam,

296 999 354 1063 ego
376 1000 447 1044 vero
472 979 508 1044 ad
525 981 557 1046 S.
575 981 609 1045 V.
626 1001 758 1064 propero
781 979 818 1043 ad
838 979 1031 1044 referendum
1047 980 1080 1044 S.
1096 980 1132 1044 V.
1149 979 1188 1042 de
1203 979 1338 1062 genuino
1354 977 1500 1060 negot'n-
1548 1070 1549 1075 γ

295 1090 407 1154 tionum
430 1089 533 1154 hurum
557 1096 635 1155 statu
660 1095 692 1155 et
716 1091 754 1154 de
778 1091 816 1154 iis
832 1110 908 1174 qvae
923 1111 979 1174 pro
996 1091 1224 1154 conservatione
1239 1089 1343 1172 gentis
1361 1093 1395 1151 et
1409 1089 1447 1152 S.
1464 1087 1498 1150 V.

296 1199 467 1263 necessaria
490 1205 570 1264 sunt.
616 1200 734 1264 Calamo
758 1201 837 1263 enim
860 1221 940 1265 nunc
962 1201 1053 1264 multa
1076 1198 1230 1264 contidere
1252 1199 1502 1263 circumstantiae
1548 1190 1549 1199 ’

296 1309 438 1391 quaedam
459 1327 507 1372 me
530 1309 700 1393 prohibent.
741 1309 837 1373 Hodie
860 1310 923 1373 sors
945 1309 1044 1374 adhuc
1065 1329 1163 1393 pergo
1182 1313 1214 1372 et
1229 1327 1347 1371 omnem
1366 1307 1499 1391 lapidem

295 1418 431 1490 movebo,
451 1423 484 1482 ut
500 1418 657 1500 conjuncta
674 1419 848 1504 diligentiae
862 1419 1005 1484 fidelitate
1020 1426 1053 1483 et
1067 1418 1240 1484 assiduitate
1255 1418 1498 1502 sempertestari

296 1529 416 1609 possim,
434 1547 481 1590 me
498 1527 706 1593 inviolabiliter
722 1548 791 1592 esse
807 1534 866 1592 etc.

863 1761 917 1828 lh.

495 1908 721 1974 Schrcihen
743 1906 960 1973 Klement's
984 1929 1030 1972 an
1053 1908 1289 1990 Bercsenpi.

552 2037 596 2100 hd
614 2037 758 2101 Comitem
773 2035 940 2121 Bercsenpi
955 2035 1012 2099 snb
1028 2034 1136 2099 eodem
1152 2035 1232 2100 dato.

383 2197 567 2262 Excellentia
590 2197 695 2262 Vestra
723 2197 939 2281 gratiosissime
966 2218 1003 2260 ex
1031 2197 1155 2260 inclusis
1183 2196 1288 2277 legere
1317 2195 1492 2278 dignabitur

293 2303 363 2388 quid
378 2305 428 2370 hic
443 2311 550 2388 agatur
565 2311 596 2370 et
613 2327 770 2390 quarenam
786 2305 915 2372 reditum
931 2325 1028 2368 meum
1045 2305 1204 2370 instituere
1227 2304 1358 2387 obliger.
1394 2305 1490 2389 Spero

294 2433 342 2477 me
358 2414 443 2479 hrevi
459 2420 598 2481 oretenus
610 2417 682 2480 Exc.
697 2417 731 2481 V.
747 2417 785 2480 de
801 2417 936 2480 omnihus
952 2415 1153 2500 punctualiter
1168 2414 1331 2477 informare
1346 2413 1490 2478 honorem

294 2522 472 2590 habiturum.
496 2526 653 2591 Caeterum
671 2531 728 2590 etc.

862 2706 917 2772 lc.

488 2851 715 2917 Schreihcn
738 2853 994 2939 Bercsenyi's
1017 2874 1062 2917 an
1084 2853 1276 2916 Klement.

624 2998 823 3070 Kauchau,
849 2997 909 3061 19.
933 2997 1004 3060 ltlai
1030 2998 1148 3062 l'lltl.

507 3144 667 3208 Generoec
680 3145 836 3208 Domine!

377 3267 442 3334 Etsi
459 3270 556 3333 omnia
573 3269 670 3333 denuo
687 3269 724 3334 ad
740 3271 890 3334 fervorem
905 3269 978 3333 helli
995 3271 1133 3353 prolapsa
1148 3269 1316 3342 videantur,
1333 3271 1485 3335 nihilomi-

289 3397 343 3440 nus
360 3397 426 3442 oum
442 3377 677 3462 uniuscnjusque
689 3379 760 3442 helli
777 3384 901 3443 eventus
917 3398 993 3462 pace
1008 3379 1162 3443 terminari
1177 3381 1273 3442 soleat
1288 3399 1324 3444 ac
1336 3381 1485 3445 alternato

289 3486 372 3570 quasi
389 3507 478 3552 cursu
494 3489 654 3552 etiamnum
669 3488 832 3553 identidem
848 3493 993 3553 tractatus
1016 3489 1125 3552 inter
1147 3488 1314 3553 alliatos
1339 3495 1380 3554 et
1398 3491 1484 3554 Gal-

287 3597 377 3660 liam
402 3602 622 3661 assumatur
638 3597 759 3682 jamque
775 3598 895 3681 saepnis
919 3617 992 3682 per
1013 3597 1333 3681 preliminarium
1354 3599 1405 3663 vix
1426 3619 1484 3664 non

287 3709 401 3770 certam
413 3707 680 3790 applacidutionem
695 3727 745 3770 res
758 3707 795 3770 ad
808 3709 1061 3772 consumationem
1071 3708 1116 3772 sui
1129 3709 1335 3791 approximare
1347 3710 1485 3774 videatur

287 3815 358 3879 nihil
382 3815 473 3880 rebus
497 3821 528 3880 et
551 3817 749 3882 emolumento
771 3818 891 3900 regni
914 3816 1078 3882 consultius
1097 3817 1243 3900 judicavit
1265 3818 1484 3884 Sereuissimns

287 3924 442 4008 Princeps,
460 3944 544 4008 quam
561 3930 594 3989 ut
609 3924 646 3988 ad
657 3927 957 4010 praeoccupationem
969 3928 1112 4011 temporis
1125 3933 1156 3991 et
1167 3948 1226 3992 non
1237 3930 1484 4012 praetermitten-

287 4031 351 4093 dam
368 4032 398 4094 in
414 4050 530 4094 omnem
547 4052 647 4096 casum
664 4035 852 4097 occasionem
867 4035 1045 4118 legatum
1060 4056 1162 4099 sunm
1179 4036 1221 4100 ad
1237 4037 1365 4100 locum
1379 4044 1483 4102 trae-

288 4145 396 4204 tatus
421 4161 502 4203 eum
527 4142 736 4226 expediat,
762 4144 812 4227 qui
835 4144 912 4226 apud
938 4145 1322 4210 christianissimum
1346 4167 1482 4231 regem

287 4250 525 4313 charactere
542 4251 861 4316 extraordinarii
878 4253 1088 4318 functurus
1110 4258 1149 4317 et
1173 4273 1254 4317 cum
1278 4256 1483 4321 ministris

287 4361 351 4441 ejus
374 4361 523 4432 universa,
549 4381 625 4444 quae
642 4361 765 4426 Causam
782 4363 879 4446 Regni
895 4367 1090 4435 concernunt,
1113 4382 1172 4427 non
1187 4369 1301 4428 tantum
1316 4369 1482 4431 communi·

287 4473 406 4533 caturns
422 4469 476 4533 sed
494 4476 525 4535 et
539 4472 713 4555 praehabito
730 4473 809 4536 iuxta
826 4476 966 4537 contenta
981 4473 1187 4538 lustructionis
1203 4493 1276 4537 suae
1291 4479 1393 4540 mutuo
1410 4496 1482 4540 con·

285 4577 351 4640 silio
369 4579 541 4652 collaturus,
559 4581 636 4664 qnod
653 4581 793 4664 optimum
811 4587 842 4644 et
858 4581 950 4646 rehus
966 4582 1279 4647 conuenientissimum
1296 4583 1482 4656 indicauerit,
