3117 5084
280 322 355 392 168

278 498 394 561 animus
406 500 465 568 est,
479 501 513 559 ut
525 495 601 559 SV.
614 501 646 561 et
661 496 798 578 ejusdem
815 500 927 560 sortem
943 497 1029 579 sequi
1044 497 1180 588 uolentes
1193 497 1352 581 deputatos
1364 496 1478 581 aliqros

277 605 439 689 expediant
455 611 506 669 aut
522 606 611 669 alicui
626 607 677 670 bic
694 608 724 669 in
740 606 908 670 commissis
924 605 997 670 dent
1013 625 1080 669 cum
1095 605 1367 690 qvibusconveniri
1380 608 1477 690 possit

276 713 470 797 qualiternam
484 715 514 777 in
524 715 644 779 Prussia
656 714 888 780 stabilimentum
900 714 966 777 lieri
981 720 1079 797 queat.
1105 715 1227 779 Paratus
1243 720 1290 779 est
1302 736 1366 788 rer,
1379 721 1477 780 terras

275 828 307 887 et
318 827 398 887 totos
410 822 564 887 districtus
577 823 906 897 distribuere,omninm
918 822 1099 906 religionum
1111 824 1285 889 exercitium
1297 826 1475 909 permittere

275 936 306 995 et
328 931 464 997 omnibus
486 933 524 996 de
548 932 655 1017 qvibus
669 934 836 999 institerint
852 934 1018 997 clementer
1034 951 1182 1002 annuere,
1205 937 1237 996 et
1260 934 1336 997 baec
1351 935 1475 997 maxima

274 1041 420 1105 rationum
437 1046 496 1113 est,
513 1042 591 1126 qvod
606 1063 663 1126 per
674 1063 851 1127 expressum
864 1043 943 1107 hunc
955 1040 1104 1105 hominem
1118 1040 1193 1105 SV.
1208 1041 1246 1105 de
1259 1042 1304 1104 lris
1317 1042 1474 1106 informem

274 1154 307 1214 ut
323 1152 389 1233 ejus
405 1156 536 1215 mentem
553 1154 727 1235 qvantocius
739 1154 807 1236 regi
820 1152 975 1215 declarare
989 1152 1112 1222 valeam,
1125 1150 1197 1214 licet
1208 1151 1328 1215 sincere
1341 1171 1475 1223 voveam,

274 1264 307 1322 nt
328 1280 384 1344 per
406 1279 513 1343 pacem
533 1262 563 1323 in
587 1262 740 1344 ilungaria
762 1260 999 1327 concludendam
1022 1260 1078 1325 hac
1100 1261 1183 1342 regis
1203 1259 1395 1343 benignitate
1416 1280 1475 1323 non

273 1368 417 1452 indigeat.
456 1370 567 1434 Nescio
590 1390 647 1455 qvo
670 1390 743 1436 casu
765 1372 829 1435 fors
852 1391 868 1433 a
889 1390 966 1452 rege
989 1388 1089 1433 coram
1118 1369 1222 1433 aulicis
1245 1369 1396 1451 gloriante
1417 1390 1475 1452 per

272 1483 364 1541 totam
386 1478 493 1543 urbem
515 1499 617 1543 rumor
638 1480 677 1543 de
693 1499 839 1544 concessa
857 1481 889 1546 S.
903 1480 938 1543 V.
955 1500 972 1543 a
989 1498 1064 1561 rege
1081 1479 1270 1562 protectione
1285 1477 1473 1561 percrebuit,

273 1593 304 1651 et
319 1586 351 1651 id
366 1588 531 1652 accedente
547 1588 655 1652 blilord
671 1588 746 1654 Rabi
761 1588 802 1652 nd
814 1587 924 1652 ldilord
939 1586 1169 1669 Peterborougb
1187 1587 1390 1651 notificatione
1406 1587 1472 1653 aula

273 1696 468 1761 Wiennensis
484 1717 540 1781 per
555 1717 673 1761 manum
689 1699 808 1763 tertiam
825 1697 950 1763 rescivit
964 1700 1234 1780 consternatosqve
1249 1696 1307 1761 boc
1327 1698 1359 1760 in
1381 1714 1473 1781 passu

273 1808 386 1869 animos
402 1807 488 1870 aulae
503 1805 582 1869 illius
605 1807 757 1871 faciliores
780 1806 845 1870 fore
868 1806 982 1870 futuros
1007 1825 1098 1888 spero
1121 1805 1199 1889 qvod
1220 1806 1309 1869 iidem
1326 1807 1406 1888 jaun,
1430 1808 1473 1871 uti

272 1914 425 1991 informor,
448 1916 479 1978 in
500 1916 634 1980 consiliis
655 1916 765 1999 opinati
791 1916 850 1979 sint
870 1914 976 1977 melius
999 1914 1064 1977 fore
1086 1914 1119 1978 S.
1134 1914 1168 1977 V.
1195 1920 1226 1978 et
1241 1914 1473 1979 Confoederatis

272 2025 505 2089 satisfactionem
532 2024 697 2118 impertiri,
726 2044 813 2109 qvam
835 2024 1028 2108 permittere,
1052 2028 1084 2087 ut
1108 2024 1141 2087 S.
1165 2023 1200 2087 V.
1224 2043 1262 2087 ex
1283 2043 1381 2107 regno
1403 2044 1473 2089 cum

270 2134 375 2199 alteris
397 2134 525 2197 statibus
546 2135 578 2197 in
593 2133 745 2197 Prussiam
764 2154 799 2197 se
821 2134 973 2217 recipiens
995 2131 1051 2196 sub
1073 2137 1133 2195 tam
1157 2133 1272 2216 potenti
1294 2138 1473 2216 protectore

270 2244 402 2307 existens
420 2242 489 2307 data
505 2230 661 2326 aliquando
678 2242 798 2315 redire,
820 2247 851 2307 et
867 2261 920 2305 rer
936 2241 1077 2305 Prussiae
1100 2260 1157 2324 per
1178 2239 1208 2304 id
1230 2241 1352 2305 Caesari
1375 2243 1474 2325 magis

269 2350 484 2415 formidabilior
500 2356 532 2415 et
546 2350 787 2416 addiuersiones
804 2350 955 2415 faciendas
973 2352 1113 2433 capacior
1128 2349 1256 2415 evadere
1269 2351 1376 2432 possit
1404 2351 1472 2433 Ego

268 2459 547 2525 Dominilablonski
555 2460 788 2532 attestationem,
796 2459 1032 2544 protectionales
1044 2460 1128 2543 regis
1140 2460 1217 2543 apud
1229 2479 1263 2521 se
1275 2478 1357 2531 esse,
1371 2460 1471 2542 serip-

268 2573 391 2633 totenus
408 2568 516 2634 babeo.
538 2569 583 2633 Ex
600 2570 708 2633 litteris
720 2569 829 2635 blilord
842 2568 1072 2652 Petcrborcuglr
1083 2569 1121 2639 ad
1133 2567 1240 2633 llilord
1251 2568 1335 2652 Baby
1343 2567 1473 2633 Wienna

234 2655 243 2675 “
271 2678 325 2743 aa.
343 2677 433 2742 nen.
451 2678 578 2743 uatus.
593 2679 627 2741 v.
644 2678 749 2743 vum
765 2683 878 2762 potest,
902 2678 1048 2762 nomon
1070 2679 1119 2742 nie
1136 2679 1170 2743 s,
1187 2678 1222 2743 v.
1239 2678 1390 2743 intense
1407 2680 1472 2742 su-

270 2807 342 2850 cere
364 2793 506 2870 qvaerat,
529 2792 562 2851 et
581 2786 775 2851 dubitandum
791 2808 852 2852 non
868 2793 930 2859 est,
953 2788 1081 2852 eundem
1104 2794 1228 2873 accepto
1251 2788 1378 2870 reginae
1400 2808 1472 2851 suae

269 2897 420 2979 rescripto
432 2894 471 2970 de
484 2895 553 2960 dato
571 2897 622 2959 ¹3.
634 2896 737 2970 Febr..
751 2896 830 2981 qvod
843 2899 904 2961 tum
916 2897 1046 2961 necdum
1058 2901 1231 2980 acceperat,
1244 2916 1281 2959 eo
1296 2894 1472 2979 diligentius

268 3006 415 3069 communi
422 3004 904 3089 llungariaebonoinrigilaturum
916 3010 948 3070 et
959 3006 1022 3070 fors
1036 3005 1142 3092 m(cdc
1149 3005 1182 3090 t)
1189 3006 1308 3070 felicem
1321 3006 1470 3079 futurum;

269 3120 354 3179 certe
370 3116 449 3178 enim
464 3114 544 3178 inter
560 3114 724 3179 alliatorum
738 3116 893 3180 ministros
911 3135 997 3179 nemo
1016 3118 1062 3178 est
1080 3132 1167 3198 qvem
1183 3115 1223 3179 ita
1239 3114 1347 3188 timere
1370 3116 1469 3199 ipsum

267 3223 462 3288 ministerium
475 3223 662 3290 Wiennense
677 3223 816 3297 fateatur,
835 3242 920 3308 qvam
936 3224 1016 3288 hunc
1032 3223 1140 3307 ipsum,
1157 3227 1189 3288 et
1204 3244 1261 3309 per
1276 3244 1467 3309 consequens

267 3333 382 3397 habens
403 3346 484 3397 nunc
507 3332 598 3396 etiarn
618 3334 649 3395 in
670 3332 806 3398 manibus
828 3346 864 3397 ex
885 3332 1023 3397 mandato
1045 3333 1169 3417 reginae
1191 3333 1286 3399 minas
1308 3354 1471 3417 persuasus

268 3462 344 3513 sum,
362 3442 490 3506 eundem
505 3442 612 3506 iisdem
629 3447 689 3505 tam
706 3462 761 3526 pro
778 3442 858 3507 bono
875 3443 1001 3525 reginae
1019 3460 1104 3527 qvam
1122 3442 1155 3506 S.
1169 3442 1205 3506 V.
1222 3462 1357 3514 usurum.
1374 3443 1470 3528 'siqui-

269 3551 380 3614 demin
391 3550 509 3633 nupciis
521 3550 582 3615 suis
598 3549 789 3633 significavit,
802 3550 872 3636 qr’il
889 3550 1114 3635 s'opiniatrera,
1131 3549 1294 3616 d'enuoicr
1305 3573 1345 3615 un
1358 3573 1471 3638 expres

268 3682 286 3726 a
302 3662 337 3726 V.
354 3653 405 3734 Α’.;
427 3665 527 3724 tamen
548 3679 606 3744 ego
628 3681 697 3725 ere
714 3661 747 3725 S.
765 3662 800 3727 V.
824 3662 924 3747 putavi
945 3661 976 3726 in
992 3662 1074 3725 illum
1090 3680 1208 3735 casnm,
1237 3668 1271 3727 nt
1285 3662 1311 3726 si
1327 3662 1387 3727 boc
1404 3662 1472 3727 aula

270 3770 466 3838 Wiennensis
500 3770 560 3854 ipsi
596 3769 764 3852 denegaret
794 3772 894 3837 eidem
923 3790 1062 3836 securam
1088 3772 1243 3836 adressam
1269 3772 1409 3845 mittere,
1440 3776 1473 3836 ut

268 3880 409 3947 videlicet
430 3880 464 3943 S.
488 3880 523 3943 V.
546 3880 703 3962 epistolam
730 3882 762 3944 in
790 3880 1004 3945 serenissimae
1025 3881 1224 3964 principissae
1254 3881 1403 3945 inclusam
1434 3881 1472 3947 ad

267 3988 520 4069 iaroslaviensem
540 3992 694 4073 posterum
715 3989 891 4071 magistrum
917 3989 1065 4061 includat,
1089 4008 1176 4074 qvem
1197 4009 1256 4073 ego
1279 3994 1312 4054 et
1331 3991 1472 4074 inprimis

268 4099 415 4163 Sesea-⁸2·
428 4098 491 4180 jam
507 4096 546 4160 de
562 4117 598 4161 eo
615 4097 781 4169 informavi,
799 4102 831 4162 et
847 4118 994 4182 suppono.
1007 4100 1039 4163 S.
1049 4098 1084 4164 V.
1099 4098 1155 4162 bac
1168 4098 1215 4161 rel
1227 4100 1284 4163 alia
1296 4099 1343 4163 ria
1356 4098 1471 4163 infalli-

267 4207 369 4271 biliter
384 4204 421 4271 ab
436 4207 502 4291 ipso
520 4205 750 4289 Peterborougb
765 4207 1009 4273 informacionem
1025 4207 1204 4279 habituram,
1222 4207 1269 4271 rel
1284 4206 1415 4270 maxime
1430 4207 1470 4270 de

267 4316 386 4380 technis
403 4335 474 4400 qvas
489 4335 528 4379 ne
545 4314 608 4378 fors
635 4316 751 4399 proprii
774 4316 808 4381 S.
827 4315 863 4381 V.
880 4317 1024 4388 ministri,
1045 4316 1077 4381 S.
1095 4316 1131 4379 V.
1154 4322 1185 4379 et
1206 4316 1292 4399 regni
1316 4316 1469 4379 interesse

268 4424 450 4510 spernendo,
463 4430 495 4489 et
508 4442 594 4488 suum
605 4422 769 4508 querendo,
783 4442 849 4487 oum
863 4425 1061 4489 Caesareanis
1074 4425 1194 4489 habent.
1218 4426 1282 4487 lloc
1294 4431 1425 4496 certum,
1442 4426 1468 4487 si

266 4536 354 4599 modo
376 4534 482 4597 milord
498 4532 728 4615 Peterborougb
749 4536 911 4616 presertim
934 4536 962 4597 in
989 4534 1139 4598 modernis
1161 4535 1369 4617 conjuncturis
1397 4533 1466 4597 nibil
