3117 5084
295 328 345 401 72

287 504 489 588 principatum
504 503 753 588 Transsylveniae
770 500 879 589 (quem
893 504 1045 566 Froenum
1056 503 1228 587 llungariae
1242 500 1399 591 vocitent)
1418 502 1497 566 Suc-

287 633 429 677 cessores
446 614 512 694 ejus
529 612 733 696 possederint,
749 612 797 676 vel
814 613 950 683 maxime,

379 722 517 793 Sexto,
534 721 560 784 si
577 721 677 805 prouti
694 719 804 784 dicitur
819 721 911 803 Regis
927 719 1054 803 Augusti
1071 718 1149 783 tilius
1166 738 1231 783 eam
1247 718 1498 804 desponsaverit,

287 830 338 914 qui
354 829 502 913 siquidem
519 829 616 893 denuo
634 829 788 892 Thronum
804 830 945 893 Poloniae
961 828 1157 900 conscendit,
1175 827 1240 911 quis
1255 829 1379 910 ignorat
1398 848 1499 912 quau·

286 946 347 1002 tum
374 958 431 1022 per
458 937 488 1000 id
515 957 640 1020 sperare
665 940 768 1020 potest
790 937 819 999 io
848 937 1010 1001 obtinenda
1032 936 1151 999 Corona
1173 936 1338 1019 lmperiali,
1366 936 1400 999 si
1423 955 1497 999 uero

377 1046 551 1130 Septimo
568 1046 649 1108 llaec
667 1065 788 1128 quoque
805 1045 924 1110 sincera
940 1049 1042 1109 nostra
1057 1044 1088 1107 in
1103 1065 1154 1108 res
1170 1045 1262 1128 Regis
1277 1045 1451 1108 Borussiae
1467 1049 1499 1106 et
1557 1062 1558 1135 {

284 1156 423 1240 Europae
432 1154 559 1218 Intentio
570 1153 608 1218 ob
618 1154 758 1238 quasdam
769 1154 855 1217 nobis
863 1154 1031 1237 incognitas
1040 1154 1182 1218 Rationes
1191 1153 1312 1217 effectui
1320 1151 1499 1236 mancipari
1557 1180 1558 1185 ¹

287 1265 436 1348 nequiret,
445 1262 611 1326 declarabit
623 1281 677 1326 nos
691 1282 813 1347 semper
824 1263 855 1326 in
868 1263 1071 1328 declaratione
1080 1259 1498 1346 perDominumdablomszki

284 1374 363 1437 lacta
381 1375 642 1456 perseveraturos,
658 1371 817 1436 dummodo
833 1373 893 1436 Par
905 1371 1040 1454 Legibus
1056 1371 1168 1436 nostris
1184 1370 1346 1435 conformis
1361 1369 1403 1432 ab
1417 1369 1498 1432 Aula

285 1480 467 1546 Wiennensi
491 1478 620 1546 obtineri
641 1482 753 1564 possit,
775 1481 950 1544 declarasse
966 1485 1065 1544 autem
1080 1481 1183 1544 Status
1200 1478 1443 1543 confoederatos
1459 1497 1495 1542 se

285 1587 350 1670 alijs
367 1588 593 1654 Conditionibus
610 1611 714 1674 pacem
732 1590 809 1654 inire
824 1610 884 1654 nou
908 1609 1018 1673 posse,
1034 1589 1093 1653 nisi
1108 1588 1145 1653 iis
1163 1608 1239 1673 quae
1255 1608 1312 1673 per
1326 1588 1495 1651 Dominum

286 1698 332 1761 st.
349 1698 450 1763 lulien
466 1697 636 1762 declaratae
655 1704 742 1771 sunt,
766 1704 893 1783 excepta
907 1697 1158 1784 Transsylraniae
1173 1697 1385 1781 possessione,
1411 1714 1495 1779 quae

284 1806 347 1870 fors
364 1825 420 1890 per
436 1807 628 1892 aequivalens
645 1807 863 1872 accommodari
879 1807 1002 1892 poterit,
1020 1811 1051 1871 et
1065 1806 1145 1871 ideo.

377 1914 541 1988 Octavo,
566 1916 696 1981 Obtenta
714 1937 789 1980 nora
805 1917 897 1999 Regis
914 1915 1075 1979 Borussiae
1097 1915 1135 1978 ad
1149 1915 1273 1978 Alliatos
1287 1913 1494 1977 Recommen-

286 2023 407 2087 datione
422 2023 484 2087 lter
499 2045 585 2089 suum
601 2025 638 2088 ad
654 2026 757 2089 Status
774 2025 948 2089 Hollandiae
965 2029 996 2088 et
1013 2023 1039 2087 si
1054 2044 1130 2107 opus
1146 2023 1236 2087 suerit
1253 2027 1284 2084 et
1302 2021 1333 2084 in
1348 2022 1491 2104 Angliam

285 2132 431 2216 suscipiat
462 2133 499 2196 ad
531 2132 759 2197 continuandam
790 2133 876 2196 Pacis
902 2132 1147 2215 Negotiationem
1177 2149 1299 2194 sumens
1330 2149 1387 2214 pro
1418 2129 1492 2192 Basi

285 2239 515 2306 Instructionem
531 2241 649 2304 Domini
672 2242 718 2306 St.
741 2241 843 2306 Julien
868 2245 900 2304 et
921 2240 1145 2304 Resolutionem
1165 2245 1297 2303 nostram
1319 2239 1351 2301 in
1371 2237 1490 2301 biteris

284 2350 410 2414 Domino
425 2350 601 2434 dablonszki
616 2350 838 2434 transcriptam,
855 2349 882 2413 si
897 2368 980 2420 uero,

375 2459 403 2522 N
410 2480 426 2523 o
435 2480 453 2521 n
463 2479 491 2532 o,
508 2461 570 2523 Rex
582 2460 741 2523 Borussiae
758 2460 789 2521 in
804 2457 1005 2522 inducendum
1014 2457 1139 2521 Crarmu
1151 2455 1189 2520 ad
1201 2455 1338 2520 auxilium
1351 2461 1490 2520 nostmm

285 2568 476 2632 consenserit
498 2567 528 2629 in
552 2568 625 2631 Aula
648 2568 809 2631 Borussiae
831 2565 868 2629 ad
891 2586 987 2649 usque
1010 2567 1127 2630 Exitum
1149 2565 1370 2648 Negotiationis
1394 2565 1489 2647 bujus

284 2682 479 2760 perseveret,
505 2681 536 2740 et
559 2676 596 2739 de
619 2675 756 2739 omnibus
773 2671 869 2759 (quae
885 2674 921 2738 ad
938 2675 1158 2738 Promotionem
1174 2674 1295 2757 Negotii
1312 2675 1401 2738 buius
1418 2678 1489 2758 apta

286 2805 355 2848 esse
383 2784 600 2870 judicaverit),
627 2784 836 2867 Praepositum
861 2785 1094 2868 Soepusiensem
1117 2782 1306 2854 informabit3
1334 2782 1488 2865 siquidem

287 2897 398 2962 autem,

373 3000 544 3072 Decimo,
556 3000 730 3064 Nouercans
742 3001 876 3064 Fortuna
888 3005 919 3064 et
931 2999 1006 3063 Belli
1019 2999 1083 3061 alea
1094 3000 1215 3080 negotia
1228 3002 1329 3062 nostra
1342 2998 1374 3060 in
1385 3003 1488 3062 tantm

283 3109 495 3174 Extremitates
512 3109 643 3180 deduxit,
661 3109 798 3173 omnibus
814 3109 927 3172 viribus
945 3107 1131 3172 adlaborebit
1146 3113 1179 3171 ut
1195 3107 1338 3189 energice
1355 3105 1489 3170 deducta

283 3217 460 3281 businiacae
474 3217 657 3281 austeritatis
671 3217 856 3281 Crudelitate
868 3219 983 3299 Regem
996 3217 1155 3281 Rorussiae
1168 3222 1200 3279 et
1213 3220 1351 3279 caeteros
1368 3214 1488 3278 alliatos

284 3326 321 3389 ad
343 3326 586 3408 compassionem
611 3325 701 3388 sortis
723 3331 845 3389 nostrae
868 3330 1059 3409 permoveat,
1083 3329 1115 3388 et
1137 3324 1254 3387 demum
1277 3344 1379 3386 coram
1401 3322 1489 3387 Orbe

284 3433 445 3497 christiano
474 3437 661 3517 protestetur
687 3453 741 3496 nos
767 3437 885 3498 nonnisi
913 3435 1022 3499 inritos
1051 3433 1119 3516 cogi
1146 3431 1184 3496 ad
1213 3433 1427 3514 refugiendum
1450 3430 1488 3495 ad

286 3543 511 3606 christianitatis
520 3545 651 3624 juratum
661 3544 791 3615 bostem,
802 3550 833 3608 et
845 3544 882 3607 ad
895 3544 1066 3607 suscitanda
1078 3543 1169 3614 bella,
1183 3561 1306 3625 quorum
1318 3541 1382 3604 fors
1393 3539 1488 3604 tinem

285 3668 342 3714 nec
358 3651 416 3734 ipsi
432 3651 581 3733 attingere
598 3653 773 3735 poterimus,
788 3656 820 3716 et
832 3673 889 3717 nos
907 3653 1069 3734 diligenter
1084 3656 1176 3734 atque
1192 3649 1489 3714 circumstantialiter

285 3758 323 3820 de
346 3759 461 3821 cunctis
479 3759 667 3833 informabit,
690 3767 722 3824 ut
739 3760 918 3845 tempestive
934 3761 1020 3824 nobis
1037 3761 1197 3844 prouidere
1213 3759 1372 3843 possimus.
1408 3758 1487 3821 Pro-

285 3870 380 3950 ponet
395 3872 565 3949 praeterea,

374 3974 579 4039 Undecimo
592 3977 669 4058 Regi
678 3978 840 4041 Borussiae
849 3983 955 4042 cuncta
966 3997 1043 4061 quae
1051 3977 1083 4040 in
1092 3996 1185 4060 saepe
1193 3976 1343 4041 nominata
1351 3977 1487 4040 instrue·

285 4084 368 4147 tione
393 4085 479 4148 Saint
494 4085 594 4148 Julien
617 4088 821 4169 reperiuntur,
842 4094 966 4171 praeter
982 4077 1053 4150 'rem
1070 4087 1207 4151 Coronae
1223 4086 1384 4151 Polonicae
1407 4105 1484 4170 quae

284 4191 321 4254 ab
336 4192 470 4274 Augusto
487 4193 571 4275 Rege
584 4193 646 4275 jam
663 4199 824 4277 praerepta
841 4200 897 4267 est,
914 4195 995 4280 quod
1011 4195 1037 4257 si
1053 4200 1152 4258 tamen
1169 4194 1352 4265 adverteret,

374 4300 620 4374 Duodecimn,
637 4302 670 4366 ld
687 4309 809 4388 praeter
820 4305 1018 4367 lntentionem
1030 4309 1061 4367 et
1072 4308 1203 4368 mentem
1215 4304 1307 4385 Regis
1323 4302 1485 4365 borussiae

286 4408 423 4472 evenisse
441 4416 472 4472 et
486 4409 655 4494 Principem
672 4411 752 4474 hunc
768 4412 799 4474 in
815 4413 989 4477 Eleratione
1007 4419 1108 4477 nostra
1127 4411 1223 4475 adbuc
1238 4410 1318 4473 bene
1340 4410 1484 4496 intentio·

285 4521 385 4582 natum
412 4537 498 4590 esse,
532 4524 681 4603 proponet
707 4540 762 4603 pro
787 4521 974 4605 llnpediente
1001 4521 1094 4605 Regis
1119 4520 1247 4602 Augusti
1277 4519 1309 4582 in
1337 4520 1485 4584 Coronam
