3117 5084
1188 302 1268 375 ltu

69 487 214 567 suscepta
229 484 448 548 serenissimus
460 482 608 566 Princeps
624 485 656 545 et
668 478 899 545 Conioederatio
917 478 1044 562 quodam
1059 478 1148 543 modo
1163 498 1270 543 reces-

69 591 150 657 sisse
166 591 302 657 rideatur
316 590 365 655 vel
380 590 508 659 mariana
525 589 594 653 dum
619 609 679 652 non
700 587 841 652 obstante
858 586 1067 671 repudiatione
1083 586 1271 652 Mediaticm's

71 698 218 780 Ejusdem
234 720 289 783 per
304 699 409 765 Aulam
424 699 624 762 Viennensem
639 698 730 771 iacta,
754 697 815 762 Sua
838 702 939 760 tamen
955 696 1068 761 clares
1084 696 1225 761 Maiestas
1241 703 1272 760 et

71 812 144 872 amu
159 806 260 871 eidem
274 807 434 879 insistere,
449 805 572 871 tandem
586 824 670 869 suam
686 804 726 868 de
741 824 813 869 vero
829 804 1004 888 paciscendi
1020 806 1116 869 animo
1133 804 1272 869 declara-

69 917 187 981 tionem
202 917 336 1001 praefato
352 916 483 1001 Principi
497 914 699 986 collocutio,
722 934 783 979 non
799 914 888 979 modo
906 915 1069 979 declaravit
1090 915 1145 979 sed
1170 920 1200 980 et
1216 934 1272 999 per

71 1026 210 1089 Eundem
225 1026 263 1090 D.
275 1025 390 1091 Urbiclr
401 1025 537 1089 Ministro
550 1026 631 1089 Suae
643 1024 775 1088 crateae
787 1024 952 1087 Maiestatis
961 1024 1105 1087 Viennam
1121 1023 1275 1109 perscribi

72 1134 158 1205 fecit,
175 1134 377 1218 sperabatque
393 1133 612 1197 serenissimus
625 1133 770 1217 Princeps
788 1132 825 1195 ad
841 1137 971 1196 mentem
989 1152 1108 1217 quoque
1124 1152 1151 1194 m
1161 1152 1177 1195 a
1187 1132 1271 1196 riti-

71 1263 210 1307 marnm
227 1242 485 1308 Potentiamne
502 1262 559 1327 per
574 1243 628 1307 has
643 1262 715 1307 suas
729 1242 767 1305 ad
785 1243 876 1306 Suom
893 1242 1072 1305 Caesaream
1084 1240 1274 1323 lllajestatem

70 1353 204 1437 scriptas
225 1351 439 1416 submissas
463 1352 581 1417 litteras
603 1354 738 1436 optatae,
760 1355 806 1415 tot
822 1349 917 1414 modis
933 1354 1066 1414 tentatae
1082 1348 1274 1413 reducendae

71 1461 160 1526 Pacis
183 1461 398 1545 optatissimam
412 1460 489 1525 mam
510 1461 655 1533 futuram
678 1458 734 1523 sed
757 1464 897 1543 quantum
921 1478 958 1521 ex
979 1458 1134 1541 responsis
1157 1457 1276 1521 Domini

74 1567 194 1633 Urbiclr
210 1568 248 1632 ad
263 1569 433 1653 Principem
449 1567 614 1633 Dolluoruki
630 1568 707 1633 datis
723 1574 859 1653 apparet,
877 1568 949 1631 Arda
962 1567 1143 1632 Viennensis
1160 1566 1277 1651 simpli·

72 1679 153 1743 citer
188 1677 329 1743 inhaeret
358 1678 478 1763 saepius
513 1678 685 1742 declaratae
711 1677 888 1741 resolutioni
915 1677 996 1741 Suae
1023 1694 1080 1759 per
1106 1675 1277 1759 Principem

73 1784 247 1868 Eugenium
269 1805 450 1868 expressae,
472 1791 504 1850 et
520 1785 592 1847 nihil
609 1785 648 1849 de
663 1786 806 1850 Tractatu
823 1784 927 1849 audire
944 1790 995 1849 aut
1009 1785 1040 1847 in
1059 1782 1213 1848 Communi
1229 1782 1277 1847 rel

16 1937 20 1943 .
72 1892 356 1957 confoederationis
378 1893 497 1957 nomine
520 1912 615 1977 agere
636 1894 757 1965 rolens;
779 1892 836 1957 sed
854 1897 887 1957 ut
907 1892 1020 1975 singuli
1043 1897 1075 1956 et
1090 1890 1226 1975 privatim
1242 1911 1277 1954 se

72 2022 223 2087 peccasse
245 2002 396 2065 fateantur
417 2007 449 2066 et
465 2001 598 2066 Gratiam
614 2001 794 2084 implorent,
817 2001 1052 2086 particularique
1074 1999 1279 2064 satisfactione

72 2112 247 2196 Principem
263 2116 296 2174 et
310 2110 385 2175 alios
398 2111 566 2183 conveniat,
579 2111 610 2174 in
623 2130 751 2195 eumque
762 2110 854 2174 linem
865 2110 1038 2196 expeditum
1050 2130 1120 2174 esse
1129 2109 1279 2174 Referen-

68 2218 193 2283 darium
202 2218 349 2282 Bellicum
360 2219 481 2283 becher
497 2220 609 2283 dictum
624 2219 662 2282 ad
673 2218 856 2283 Generalem
868 2218 1001 2283 Palllium
1018 2219 1119 2303 prouti
1135 2218 1167 2283 id
1181 2218 1279 2303 ipsum

73 2326 238 2391 Generalis
254 2326 375 2391 Palffius
397 2328 524 2391 Domino
547 2326 689 2392 Generali
712 2329 822 2413 llaroly
844 2328 1006 2392 insinuarit
1027 2333 1059 2392 et
1081 2329 1218 2393 Eundem
1242 2324 1279 2390 ad

73 2435 265 2519 Colloquium
276 2434 508 2500 Debreczinium
523 2437 629 2500 venire
644 2435 839 2510 desideravit,
852 2440 884 2501 ut
896 2456 943 2509 ea,
957 2455 1033 2521 quae
1046 2436 1280 2502 deferendarius

74 2542 200 2607 becher
216 2542 324 2615 attulit,
339 2543 483 2607 exaudire
499 2544 580 2608 velit

171 2650 313 2733 Quamuis
332 2651 394 2732 jam
415 2670 452 2713 ex
473 2650 624 2737 rescripto
645 2651 765 2714 Domini
787 2651 900 2716 Urbich
921 2653 995 2717 satis
1023 2653 1109 2717 nobis
1136 2658 1276 2717 condere

74 2764 183 2844 potest
198 2758 376 2823 commissio
399 2760 605 2833 bocheriana,
630 2780 670 2823 ne
690 2765 791 2825 tamen
817 2766 848 2825 ut
865 2762 938 2825 dola
954 2762 1135 2826 Viennensis
1158 2781 1278 2847 semper

74 2870 169 2941 solet,
181 2869 363 2933 etiamnunc
375 2870 609 2933 serenissimum
620 2870 791 2954 Principem
802 2870 966 2935 insimulari
978 2878 1093 2955 posset,
1106 2891 1166 2937 non
1183 2873 1277 2937 solum

73 2978 230 3061 Marolyus
250 2976 470 3042 Debreccinum
498 2977 640 3042 discessit
666 2978 774 3043 sedet
798 2980 1018 3043 Serenissimus
1045 2980 1190 3064 Princeps
1219 2998 1278 3044 non

75 3089 259 3169 exspectato
274 3085 325 3149 hic
340 3087 465 3150 ulterius
480 3087 610 3151 adrentu
626 3087 729 3159 caari,
752 3087 790 3152 ad
807 3087 940 3153 confinia
956 3088 1107 3171 Ungariae
1122 3092 1279 3172 properat,

77 3200 111 3260 ut
125 3192 275 3258 reducem
289 3192 488 3258 Debreczinio
505 3195 655 3259 Karolium
672 3196 775 3259 audire
791 3197 896 3280 possit.

174 3303 251 3386 Quia
265 3307 365 3366 mmen
380 3323 418 3366 er
433 3305 607 3387 praemissis
623 3304 783 3369 declaratis
799 3304 896 3371 facilis
912 3326 1013 3369 reram
1030 3311 1154 3391 apparet
1171 3325 1280 3370 conse-

76 3412 216 3497 quentia,
232 3410 284 3475 ubi
296 3411 370 3475 Aula
377 3411 559 3476 Viennensis
571 3412 692 3475 nomine
707 3414 856 3478 communi
873 3420 903 3477 et
916 3413 1195 3479 confoederationis
1208 3412 1281 3476 nihil

78 3519 188 3585 andire
210 3520 298 3591 velit,
319 3518 450 3603 privatas
471 3538 544 3583 vero
569 3525 601 3584 et
615 3522 816 3585 Particulares
840 3522 1100 3585 reconciliationes
1123 3527 1182 3585 tam
1199 3520 1282 3585 zelus

80 3628 214 3699 Patriae,
224 3646 311 3711 quam
321 3629 470 3693 vinculum
484 3628 774 3701 Confoederationis,
784 3648 871 3713 quarn
883 3636 915 3694 et
926 3630 1042 3695 durium
1054 3650 1089 3693 ac
1096 3630 1282 3693 Libertatem

80 3737 236 3802 soeoritns
250 3734 302 3823 (et
317 3737 343 3800 si
358 3737 503 3821 privatam
519 3757 579 3801 non
594 3740 740 3802 minorem
759 3738 970 3826 securitatem)
987 3738 1156 3803 omnimode
1172 3743 1284 3810 velant,

80 3847 132 3910 rix
152 3842 235 3907 aliud
255 3846 434 3927 sperandum
456 3853 612 3929 superest,
636 3866 723 3931 quam
746 3848 789 3912 uti
818 3849 940 3912 extremi
968 3848 998 3911 in
1026 3848 1167 3912 extremis
1191 3847 1284 3911 casus

82 3972 158 4019 esse
173 3952 288 4025 solent,
310 3957 342 4016 et
363 3954 609 4037 quemadmodum
632 3954 851 4020 Serenissimus
869 3957 1030 4040 Princeps,
1057 3956 1100 4019 ita
1125 3960 1156 4020 et
1176 3952 1285 4038 reliqui

84 4064 268 4132 Senatores,
290 4062 401 4127 Milites
418 4083 455 4127 ac
470 4063 601 4127 Ordines
622 4063 754 4149 denique
768 4066 800 4129 in
817 4065 1089 4130 Conicedemtione
1111 4068 1286 4129 constantes

84 4188 190 4235 coram
205 4168 309 4233 Palffio
325 4168 552 4236 declaraverunt
567 4176 700 4237 extrema
716 4190 854 4259 quaeque
876 4174 1063 4238 sufferendos
1085 4193 1154 4236 esse
1176 4173 1286 4257 potius,

85 4299 176 4365 quam
188 4278 447 4343 confoederationi
459 4278 637 4345 etJustitiae
649 4300 758 4346 causae
769 4300 826 4366 per
838 4285 931 4346 totum
940 4284 1002 4366 jam
1015 4286 1163 4347 terrarum
1173 4280 1286 4345 Orbem

85 4408 144 4473 pro
156 4388 240 4470 justa
255 4387 387 4470 agnitae,
403 4407 462 4471 per
475 4386 608 4472 privatos
623 4408 765 4454 recessus
776 4390 1024 4473 praejudicando,
1036 4389 1152 4455 Jurimn
1168 4390 1238 4453 item
1257 4398 1287 4453 et

86 4498 276 4562 libertatum
290 4496 388 4579 Regni
404 4502 580 4581 perpetuam
600 4501 719 4562 struere
734 4498 827 4562 redut
843 4499 1018 4586 perniciem.
