3117 5084
1230 292 1417 416 nn'

48 503 122 572 boc
147 511 305 594 generali
320 515 431 595 puncto
448 531 550 577 ansam
565 513 711 578 voluimus
730 513 820 586 dure,
837 516 986 580 contineri
1000 524 1161 601 praeterea
1178 518 1208 580 in
1223 518 1283 582 boc

46 627 192 700 puncto
222 621 453 687 conclusionem
486 640 605 706 quoque
634 624 718 706 pacis
747 627 869 687 nostrae
897 625 927 688 in
947 626 1177 690 instrumentum
1196 627 1282 710 pacis

49 725 265 806 Generalis,
282 729 347 794 sine
364 749 422 816 qua
438 749 496 796 nec
510 731 632 815 politica
648 750 706 795 nec
721 731 885 814 spiritualis
901 734 982 798 salus
997 735 1096 818 Regni
1111 734 1281 800 subsistere

47 840 191 920 potest.

163 947 382 1013 Praevenietis
393 947 704 1032 praetereeDominos
713 949 829 1012 elliatos
842 967 882 1012 ne
893 949 953 1013 illis
965 949 1102 1016 rideatur
1117 951 1233 1016 novitas
1248 953 1279 1013 in

48 1055 231 1138 petitione
246 1055 434 1121 mediationis
447 1057 580 1121 Czareae
596 1077 673 1142 quac
688 1056 836 1141 siquidem
851 1059 939 1123 nobis
951 1079 1007 1145 per
1017 1059 1097 1124 bunc
1109 1060 1279 1145 Principem

47 1163 174 1229 adbuc
203 1185 280 1230 anno
301 1167 466 1250 praeterito
483 1165 582 1230 oblata
604 1165 675 1238 luit,
700 1184 768 1230 eum
784 1168 943 1250 negligere
958 1187 1018 1234 nec
1032 1187 1113 1233 nunc
1127 1169 1278 1254 potuimus

49 1272 133 1337 sine
153 1274 280 1338 offensa
295 1275 370 1356 ejus.

167 1383 260 1466 Quod
276 1388 429 1466 postremo
444 1381 651 1467 quaestionem
662 1381 694 1446 in
705 1383 817 1447 ultimis
828 1383 938 1449 restris
949 1383 988 1448 de
997 1384 1277 1470 Generalcllayer·

52 1489 128 1554 t'eld
150 1492 277 1564 attinet,
294 1491 332 1555 de
348 1511 384 1556 en
400 1490 472 1556 nibil
490 1492 558 1556 uori
574 1490 677 1554 dicere
692 1510 861 1575 possumus,
878 1491 936 1557 nisi
953 1494 1031 1577 quod
1047 1495 1140 1558 simus
1155 1513 1277 1577 semper

53 1599 174 1682 parati
196 1600 407 1665 mediationem
428 1604 559 1664 nostram
579 1599 714 1684 partibus
732 1601 843 1674 offere,
865 1603 892 1666 si
914 1603 1129 1668 resolutionem
1145 1604 1275 1667 Senatus

55 1708 201 1774 Sreciei
216 1729 275 1795 per
289 1711 386 1795 ipsum
401 1713 605 1794 exspectatam
619 1709 734 1774 babere
756 1711 930 1794 poterimus.

619 1833 859 1901 Franciscus
881 1837 1073 1920 Princeps
1095 1856 1133 1898 nr.
1152 1856 1182 1920 p.

100 1923 205 1996 (usur
218 1922 424 1995 clgcnbiudigcs
438 1923 580 1996 Origlnnl.)

653 2043 706 2108 29.

339 2171 499 2236 Bericht
521 2169 731 2236 Klement's
756 2191 801 2236 an
824 2171 1010 2258 llildozy.

405 2298 618 2371 Thorunio,
645 2299 702 2364 18.
724 2298 811 2364 Nou.
831 2299 946 2363 1709.

161 2441 326 2508 Moverom
352 2463 398 2508 cc
419 2443 639 2508 Mermeroscb
667 2450 698 2509 et
717 2444 896 2532 praecipue
923 2464 968 2509 cc
997 2446 1082 2509 Hesi
1109 2443 1155 2510 ud
1176 2445 1271 2528 finem

64 2550 231 2626 Octobris,
248 2551 322 2616 ceni
335 2551 390 2616 18.
406 2551 485 2617 Nou.
505 2551 711 2629 Tboraniona,
726 2553 802 2617 inde
811 2573 877 2639 per
890 2553 1074 2617 Boroessr‘nm
1088 2553 1271 2617 Bcrolinum

60 2658 146 2724 abeo
152 2682 168 2734 ;
185 2659 279 2724 timeo
295 2665 412 2734 tamen.
429 2682 471 2726 ne
486 2661 731 2750 pourcntainam
744 2665 858 2746 sonere
873 2681 977 2749 cogcr.

650 2831 704 2894 30.

304 2957 522 3024 Schreibcn
543 2955 751 3042 Rdlrdczy's
776 2977 823 3021 an
845 2958 1028 3021 Klement.

338 3085 541 3157 Homonna,
565 3083 989 3149 28.ueccnber1709.
1018 3179 1023 3186 .

159 3226 276 3292 Fidelis
286 3227 380 3292 Nobis
391 3233 490 3312 grate.
510 3229 673 3314 Speremus
687 3230 750 3294 sors
762 3230 821 3292 rite
833 3227 1119 3315 accepissebiteras
1129 3227 1270 3301 Nostros,

63 3337 156 3402 brevi
179 3340 251 3420 post
266 3336 376 3404 abitum
393 3341 532 3405 Vestrum
548 3339 703 3423 expeditus
718 3337 928 3409 montanino,
945 3335 1052 3421 quibus
1069 3335 1267 3408 notificamus,

64 3446 296 3533 propositiones
316 3450 443 3514 Nostras
470 3448 578 3512 aulae
604 3447 810 3512 viennensi
837 3446 948 3520 lactas,
975 3445 1013 3510 ad
1041 3463 1114 3530 quas
1135 3446 1264 3510 necdum

66 3559 214 3641 accipere
238 3557 387 3642 potuimus
408 3577 587 3643 responsum
607 3555 728 3621 Domini
747 3556 856 3639 Legati
878 3555 1101 3620 llollandici
1129 3575 1167 3619 ex
1188 3557 1267 3618 omni

67 3671 171 3731 nmen
193 3666 287 3730 sulae
308 3667 536 3732 viennensis
560 3663 746 3750 procedendi
766 3665 853 3729 modo
876 3669 908 3730 et
927 3664 1119 3730 Generalium
1147 3683 1267 3729 suorum

68 3775 253 3838 continuatis
275 3773 576 3840 crudelitatibus
599 3773 694 3838 Nobis
709 3774 814 3839 ridere
837 3774 911 3838 licet
935 3773 1136 3839 infructuosas
1152 3773 1268 3838 futuras

69 3901 176 3946 omnes
212 3884 457 3968 interpositiones
491 3883 715 3948 alliatorum
750 3882 776 3946 si
808 3882 979 3946 durioribus
1008 3882 1115 3945 mediis
1146 3883 1269 3964 negotia

70 3997 206 4057 nostro
230 3993 397 4057 curanda
418 3989 470 4079 (i)
492 4010 560 4057 non
589 3994 856 4056 assumserint.
897 3990 984 4056 Unde
1011 4011 1071 4055 non
1099 3987 1267 4054 dubitamus

69 4099 131 4164 Vos
152 4119 271 4162 omnem
295 4099 480 4164 adhibituros
503 4119 605 4164 curam
622 4105 653 4163 et
668 4099 855 4182 diligentiam
871 4099 899 4161 in
917 4098 1131 4182 exoperatione
1151 4115 1266 4167 eorum,

4 4283 5 4288 γ
72 4227 147 4292 quae
162 4208 358 4273 instructioni
373 4229 445 4272 suae
462 4208 619 4272 commissa
635 4211 714 4280 sunt,
731 4207 851 4272 Summa
867 4211 965 4271 tamen
981 4227 1038 4272 nos
1059 4206 1143 4287 angit
1165 4204 1267 4268 eurio-

4 4297 5 4308 ³
72 4319 143 4381 sitas
157 4317 358 4382 enresciendi
374 4338 473 4402 quae
489 4317 524 4381 in
541 4318 676 4401 elapsa
693 4317 938 4381 conferentia
952 4316 1086 4399 proxima
1101 4313 1266 4376 marien-

73 4422 1265 4510 verdinensiconclusasuntiuquaquamnisnostriducinter·

74 4537 180 4600 luere
201 4534 373 4600 ministri
388 4535 451 4600 Nos
471 4539 570 4600 tamen
586 4536 783 4599 contrarie
800 4534 961 4597 informant
977 4533 1016 4597 de
1034 4531 1265 4598 circumstantiis
