3117 5084
293 333 345 403 84

292 508 342 571 vel
358 505 484 570 maxime
500 505 551 569 ubi
568 505 626 570 dux
643 507 681 570 de
696 506 928 590 hlarlborough,
951 509 995 571 uti
1015 509 1179 591 praeterito
1201 509 1275 573 lecit
1296 528 1393 580 anno,
1415 529 1492 592 epm

290 615 403 679 hocin
426 614 567 678 effectum
588 615 739 680 deducere
760 615 891 680 sollicite
913 616 1132 681 allaboraverit.
1165 617 1275 699 Quarto
1303 617 1376 680 dein
1402 621 1490 700 post-

293 741 378 806 quam
400 722 575 804 appulemur
596 723 646 786 die
666 723 804 787 redditae
824 724 896 787 mihi
919 729 989 787 sunt
1004 725 1037 788 S.
1055 725 1090 790 V.
1106 725 1340 808 benignissimae
1356 725 1397 788 de
1420 723 1491 787 dato

292 833 456 896 llommona
469 831 523 895 28.
537 831 612 895 Dec.
628 831 715 895 stoa
727 831 851 895 difficile
866 853 940 896 sane
955 832 1027 896 mihi
1043 838 1091 896 est
1102 853 1203 897 reram
1217 832 1492 897 marienverdensis

292 939 432 1024 colloquii
454 958 576 1004 causam
599 943 631 1002 et
654 939 720 1022 ejus
743 945 884 1005 eventum
905 942 938 1005 S.
961 941 997 1004 V.
1020 940 1230 1025 perscribere;
1259 942 1378 1005 interea
1403 960 1493 1024 qvam

293 1047 524 1131 diligentissime
552 1066 617 1110 rem
644 1047 830 1130 investigans
848 1049 881 1114 id
903 1049 1057 1132 indagavi,
1085 1049 1238 1115 ministros
1259 1051 1364 1133 regios
1385 1069 1494 1112 omnes

277 1153 443 1241 'colloquio
459 1156 531 1222 huic
547 1157 714 1226 contrarios
730 1157 825 1221 luisse
841 1178 877 1222 ac
893 1178 1011 1222 omnem
1026 1159 1156 1223 movisse
1171 1157 1314 1242 lapidem,
1335 1163 1371 1222 ut
1385 1176 1494 1240 regem

294 1265 331 1329 ab
347 1266 405 1330 hoc
420 1265 575 1349 proposito
592 1267 724 1330 avellere
739 1271 875 1349 possent.
904 1266 1101 1331 Nihilominus
1122 1273 1231 1330 tarnem
1245 1268 1279 1332 S.
1301 1266 1496 1348 Maiestatem

294 1375 444 1438 immotam
463 1374 649 1458 perstitisse,
675 1374 751 1437 adeo
774 1378 806 1438 vt
827 1375 893 1438 siue
915 1375 1144 1459 participatione
1167 1376 1254 1440 ullius
1274 1374 1496 1459 propemedum

294 1483 423 1548 ministri
436 1485 514 1568 qvod
527 1485 608 1569 ipsos
616 1483 879 1549 vehementissime
891 1484 976 1566 angit
986 1505 1054 1549 curn
1064 1485 1158 1549 Craro
1170 1505 1224 1548 sua
1236 1484 1358 1566 negotia
1371 1482 1496 1552 finierit.

294 1593 354 1658 hoc
370 1614 443 1659 vero
460 1615 476 1658 a
493 1593 661 1658 homiuibus
683 1593 792 1656 talibus
816 1592 880 1656 scio
904 1593 954 1676 qvi
975 1593 1117 1657 ministris
1134 1593 1285 1676 hujatibus
1301 1592 1398 1656 intimi
1414 1597 1496 1656 sunt.

299 1702 422 1766 Certum
438 1707 538 1766 tamen
551 1707 609 1774 est,
625 1721 730 1783 regem
746 1701 873 1784 plurima
889 1721 944 1785 pro
961 1723 1006 1774 se,
1024 1702 1168 1786 quaedam
1183 1701 1214 1766 in
1225 1703 1360 1766 fauorem
1368 1701 1499 1783 Augusti

298 1815 329 1875 et
344 1811 391 1875 vel
415 1809 486 1874 nihil
502 1811 550 1874 vel
572 1830 665 1894 pauca
689 1814 795 1874 contra
816 1810 931 1875 Svecos
948 1809 1151 1882 conclusisse,
1174 1810 1307 1893 qvamvis
1322 1829 1411 1893 qvam
1428 1829 1501 1872 ecr-

296 1919 412 1984 tissime
436 1923 578 2003 expertus
600 1939 680 1990 sum,
702 1919 798 1982 aulam
819 1918 897 1983 hanc
918 1918 991 1982 nihil
1014 1917 1113 1983 ndnus
1137 1938 1223 2002 pam
1238 1918 1345 1983 Srecis
1370 1917 1499 1981 amicam

298 2049 378 2101 esse,
396 2027 474 2112 qvod
491 2026 599 2091 exinde
614 2026 710 2090 videri
725 2031 837 2110 potest,
854 2026 933 2110 quod
948 2046 1085 2109 campum
1102 2028 1134 2091 in
1150 2027 1324 2091 Pomerania
1340 2026 1500 2090 delineare

297 2140 398 2209 curat,
423 2135 473 2199 ubi
498 2135 602 2220 copiae
625 2135 788 2200 convenire
809 2134 926 2219 possint
946 2134 983 2198 ad
1010 2135 1217 2220 impediendos
1238 2135 1373 2206 Srecos,
1395 2155 1437 2198 ne
1461 2153 1500 2196 ex

295 2244 469 2308 Pomerania
486 2244 516 2307 in
528 2244 679 2309 Poloniam
695 2243 860 2316 absentet
875 2244 951 2307 haec
966 2244 1063 2308 omnia
1077 2243 1135 2307 sub
1152 2244 1257 2328 specie
1272 2241 1501 2308 conservandae

301 2351 409 2435 quietis
425 2351 553 2435 imperii.
585 2354 667 2416 llaec
682 2356 762 2423 sunt,
779 2352 910 2416 Seren'¹²⁸
928 2351 1090 2435 Princeps,
1113 2371 1190 2435 qvae
1205 2371 1318 2416 summa
1333 2371 1403 2415 cum
1418 2350 1502 2414 diffi-

298 2468 409 2533 cultate
425 2468 524 2532 fateor
536 2466 653 2530 rescire
665 2465 759 2550 potui.
781 2465 856 2528 ulula
867 2484 940 2528 sane
953 2462 1161 2535 Wieunensis,
1173 2468 1207 2528 ut
1221 2463 1261 2528 de
1276 2463 1354 2528 alliis
1368 2468 1500 2532 taceam,

297 2576 394 2642 varias
417 2580 449 2639 et
470 2573 640 2639 diffidentes
657 2579 783 2639 eatenus
804 2575 908 2638 lacere
928 2571 1048 2636 videtur
1069 2572 1292 2655 speculationes
1307 2573 1356 2636 rel
1372 2571 1503 2635 maxime

300 2683 380 2756 ideo,
394 2682 471 2767 qvod
484 2703 535 2748 res
549 2687 580 2748 ut
596 2687 717 2766 putatur
732 2682 850 2745 maximi
865 2683 1006 2748 momenti
1021 2683 1111 2748 etiam
1123 2685 1253 2748 exclusis
1264 2684 1410 2748 ministris
1422 2683 1504 2746 inter

300 2794 425 2856 Czarum
449 2797 481 2857 et
502 2812 608 2874 regem
630 2793 792 2856 conclusae
816 2792 892 2864 sint,
919 2791 957 2855 ad
977 2812 1050 2875 qvas
1071 2797 1105 2857 ut
1125 2797 1158 2858 et
1178 2793 1252 2857 alias
1279 2791 1503 2877 dispergendas

299 2899 465 2965 ministrum
481 2900 607 2983 aliquem
623 2899 694 2963 illuc
709 2899 780 2963 hinc
797 2898 968 2984 expeditum
979 2900 1017 2964 iri
1028 2901 1193 2965 communis
1205 2920 1305 2966 sermo
1318 2902 1389 2966 lert.
1415 2898 1501 2983 Qvod

299 3029 371 3074 vero
386 3008 554 3072 inchoatam
570 3008 627 3072 hae
642 3008 673 3072 in
685 3009 751 3071 aula
764 3029 780 3072 a
793 3007 913 3073 Seren‘·
924 3009 973 3073 V'⁸
983 3010 1055 3074 mihi
1067 3010 1254 3074 commissam
1265 3009 1502 3093 negotiationem

298 3119 415 3189 attinet,
432 3116 636 3181 instructionis
652 3136 737 3180 meae
753 3117 864 3181 seriem
880 3119 963 3202 prius
980 3138 1048 3182 cum
1061 3118 1140 3184 dom.
1152 3117 1331 3203 lablonslrp,
1344 3119 1418 3182 dein
1434 3137 1501 3182 cum
1549 3134 1550 3163 ³

299 3226 498 3311 milordllaby
511 3247 547 3290 eo
561 3225 676 3310 quadis
688 3225 738 3290 hic
751 3227 830 3291 inter
842 3229 969 3311 primum
980 3228 1091 3292 mobile
1108 3228 1137 3291 in
1154 3227 1357 3312 promovenda
1375 3227 1499 3310 negotia
1547 3240 1549 3307 l

299 3336 333 3400 S.
349 3337 385 3402 V.
410 3335 543 3420 reputari
566 3334 673 3406 debet,
701 3337 916 3402 communicavi
938 3342 969 3400 et
991 3337 1137 3420 siquidem
1160 3336 1269 3400 iisdem
1296 3336 1383 3400 aulae
1410 3336 1501 3418 hujus

299 3444 441 3508 moderna
457 3443 612 3527 dispositio
630 3449 747 3507 constat
763 3463 800 3507 ex
816 3444 922 3508 eadem
937 3449 970 3508 ut
987 3450 1071 3509 etex
1087 3447 1182 3509 literis
1199 3440 1323 3509 Sonent·
1336 3445 1396 3510 V¹⁸⁸
1410 3445 1500 3508 blun-

298 3552 414 3616 lratsino
431 3551 647 3633 benignissime
669 3551 761 3622 datis,
790 3572 863 3636 qvas
888 3553 976 3616 etiam
1000 3573 1055 3636 pro
1079 3553 1290 3618 informatione
1313 3552 1499 3624 addideram,

299 3679 429 3743 sequens
457 3659 517 3723 hoc
544 3679 690 3724 annexum
717 3659 857 3726 idiomate
887 3661 1059 3743 germanico
1091 3660 1214 3725 formari
1245 3663 1439 3736 memoriale,
1471 3667 1501 3725 et

300 3767 432 3851 qvamvis
448 3767 478 3831 in
495 3767 554 3833 hoc
566 3769 780 3852 propemodum
794 3769 891 3832 omnia
903 3769 1113 3833 contineantur
1124 3789 1200 3853 qvae
1212 3770 1246 3834 S.
1256 3771 1292 3842 V,
1304 3771 1500 3853 exprimenda

301 3875 533 3940 clementissime
548 3875 620 3939 mihi
636 3876 793 3947 commisit,
810 3877 1000 3941 nihilominus
1023 3881 1123 3942 tamen
1140 3879 1345 3943 instructionis
1357 3885 1501 3963 punctum

302 3979 372 4048 3¹¹¹*m
388 3983 486 4048 eidem
502 4004 561 4050 non
581 4003 651 4048 esse
667 3984 861 4048 inserendum
876 3991 1051 4057 suaserunt,
1069 4006 1107 4049 ne
1124 3986 1260 4050 dominus
1276 3986 1316 4050 de
1331 3987 1431 4071 iligen
1446 4008 1501 4071 per

302 4093 527 4158 reiterationem
543 4091 688 4176 epistolae
703 4091 790 4157 1708
804 4114 860 4177 per
875 4095 908 4158 S.
922 4095 957 4156 V.
971 4093 1103 4177 scriptae
1116 4099 1148 4158 et
1164 4113 1238 4177 qrae
1254 4094 1354 4158 eidem
1370 4096 1499 4180 imprae-

301 4201 430 4266 ticabilis
453 4220 523 4264 esse
543 4200 678 4272 videtur,
707 4201 794 4266 nobis
816 4201 983 4265 contrarius
1007 4200 1198 4265 redderetur.
1241 4202 1368 4268 Accedit
1389 4210 1423 4268 et
1443 4205 1500 4267 hoc

303 4309 381 4395 qvod
395 4309 501 4391 rigore
516 4309 684 4372 ultimarum
700 4309 767 4373 Ser.
786 4308 820 4372 V.
839 4308 877 4372 de
894 4309 963 4373 dato
980 4311 1142 4372 llommoua
1159 4309 1213 4374 28.
1225 4310 1300 4373 Dec.
1322 4311 1419 4382 ltus,
1436 4313 1499 4395 qvi·

302 4418 359 4481 bus
376 4418 540 4482 resolutum
556 4437 573 4481 a
588 4417 697 4481 'furcis
713 4417 938 4481 moscoviticum
959 4418 1071 4481 bellum
1093 4416 1326 4482 clementissime
1345 4419 1499 4491 informor,

303 4529 446 4609 punctum
474 4524 512 4587 de
534 4523 656 4589 Czareis
683 4523 800 4588 auxiliis
822 4543 945 4588 cessare
966 4524 1062 4589 videri
1085 4530 1201 4609 posset.
1244 4525 1310 4608 Ego
1337 4532 1440 4590 tamen
1464 4548 1499 4588 aa
