3117 5084
332 344 406 413 llo

323 522 569 606 perscripseram,
586 542 673 606 quam
688 522 850 606 Epistulam
867 522 1030 586 Serenitati
1047 523 1172 587 Vestrae
1189 522 1333 586 redditam
1360 542 1430 584 esse
1447 521 1511 584 inde

324 634 408 694 certe
424 631 497 701 scio,
514 630 593 714 quod
608 630 839 713 benignissimas
855 633 1061 715 responsorias
1078 632 1115 695 ad
1132 632 1251 695 easdem
1268 632 1452 715 acceperim.
1482 630 1511 692 ln

324 739 470 825 qualinam
493 740 601 803 deiude
617 742 696 804 ritae
711 742 844 825 periculo
862 740 1019 827 (Varsoria
1034 742 1195 805 Thornium
1217 743 1248 805 in
1263 742 1379 806 Vistula
1395 738 1512 825 abiens)

324 849 447 920 fuerim,
481 849 636 913 Serenitas
664 849 770 913 Vestra
803 856 833 913 et
865 850 1138 914 Excellentissimus
1170 850 1311 914 Dominus
1348 850 1512 933 Supremas

324 960 480 1023 Generalis
504 965 535 1023 et
550 961 770 1024 Documtenens
787 980 822 1022 ex
838 980 905 1023 mea
920 960 1189 1044 obsequentissima
1205 959 1409 1023 Thoruniensi
1427 958 1511 1021 Rela-

322 1069 403 1131 tiune
419 1068 490 1131 satis
506 1067 655 1131 informati
672 1073 750 1131 sunt.
766 1066 909 1131 'l’hurinio
930 1068 1101 1131 Berolinum
1117 1088 1211 1151 usque
1229 1088 1305 1151 quae
1320 1068 1383 1131 fata
1400 1065 1510 1131 habre

322 1178 378 1240 rim
394 1176 511 1260 etquid
528 1176 637 1239 deinde
653 1178 683 1238 in
698 1176 771 1239 Aula
788 1197 859 1239 suae
876 1177 988 1260 Regiae
1003 1174 1167 1257 Majestatis
1183 1176 1287 1257 rigore
1302 1175 1510 1240 instructionis

322 1304 406 1348 meae
422 1284 547 1348 fecerim
564 1306 600 1348 ex
615 1286 690 1349 meis
705 1285 846 1349 Berolinu
862 1285 1023 1348 humillime
1040 1285 1137 1347 missis
1153 1285 1311 1347 Relatoriis
1328 1288 1362 1347 et
1386 1283 1509 1347 aeclesis

321 1400 382 1458 tum
404 1398 543 1477 tempore
565 1394 707 1477 Epistolis
740 1394 872 1457 exhibito
896 1394 1008 1476 Regiae
1032 1392 1195 1475 lllajestatis
1219 1393 1333 1476 scripto
1359 1398 1393 1456 et
1416 1413 1433 1453 a
1454 1392 1508 1453 Sua

320 1502 478 1583 llajestatc
502 1502 539 1565 ad
554 1503 706 1566 llinistros
728 1524 800 1565 suos
824 1502 892 1566 dato
909 1502 1066 1586 Rescripta
1083 1502 1239 1565 serenitas
1256 1502 1367 1565 Vestra
1392 1500 1507 1565 uberius

321 1611 476 1675 informata
491 1611 556 1680 snit,
581 1617 613 1674 ut
629 1612 704 1675 adeo
721 1633 757 1674 ea
779 1612 926 1675 reiterare
949 1630 1202 1695 supervacaneum
1225 1611 1282 1682 sit;
1298 1612 1417 1673 Taliter
1440 1630 1503 1691 ergo

322 1723 412 1785 linitis
427 1723 502 1784 meis
521 1722 654 1784 Berolini
669 1721 817 1803 Negotiis,
834 1722 893 1785 iter
908 1722 939 1784 in
955 1720 1137 1785 Rollandiam
1153 1740 1330 1803 aggressum
1348 1721 1403 1785 20.
1418 1720 1505 1782 llartii

321 1833 432 1913 llagam
445 1830 590 1894 Comitum
605 1831 866 1901 verri,Resolutum
879 1831 975 1895 tuerat
987 1829 1128 1902 Berolini,
1144 1834 1176 1893 ut
1191 1829 1217 1893 si
1233 1829 1330 1893 adhue
1342 1830 1456 1892 Ducem
1471 1826 1505 1889 de

318 1939 586 2023 llarlelioruughiu
596 1939 749 2004 Rollendia
758 1961 819 2003 uon
830 1939 1004 2011 invenirem,
1013 1938 1140 2003 eundem
1153 1939 1323 2003 immediate
1337 1938 1503 2021 indngliam

317 2071 474 2134 sequerer,
489 2049 543 2113 sed
555 2050 605 2113 ille
618 2054 688 2112 ante
701 2054 763 2113 tres
775 2049 841 2113 dies
851 2050 962 2132 {tagam
973 2050 1139 2133 appulerat,
1152 2047 1244 2131 igitur
1255 2050 1322 2111 sine
1335 2048 1416 2111 omui
1428 2066 1503 2109 mora

318 2158 396 2243 apud
412 2158 591 2223 Generalem
607 2159 739 2240 Reginae
755 2159 795 2222 lli.
813 2158 963 2223 Britaniae
977 2158 1214 2224 commissarium
1230 2161 1261 2221 et
1273 2158 1420 2221 Bellicum
1435 2155 1501 2218 lnti·

318 2290 395 2331 mum
412 2269 614 2331 secretarium
627 2269 784 2331 Dominum
801 2268 838 2331 de
852 2268 1018 2331 Cardonnol
1033 2268 1196 2332 Serenitati
1210 2268 1336 2332 Vestrae
1353 2265 1502 2331 occasione

317 2376 541 2460 Negociationis
559 2398 634 2440 anrro
650 2378 815 2462 praeterito
832 2378 862 2441 in
873 2376 1025 2441 llollandia
1038 2382 1178 2461 peractae
1190 2381 1291 2440 notum
1303 2397 1352 2439 me
1367 2372 1500 2438 insinuari

317 2510 351 2553 ac
380 2488 476 2550 cidem
501 2487 663 2571 plenariam
688 2486 725 2550 de
748 2488 915 2551 latentiore
940 2487 1118 2550 serenitatis
1133 2487 1211 2549 Vrec
1235 2490 1267 2550 et
1288 2482 1498 2568 Negotiationis

315 2596 554 2661 informationem
582 2594 651 2658 dedi
679 2615 805 2659 unacum
831 2594 964 2679 Epistola
993 2594 1171 2659 Serenitatis
1194 2594 1319 2659 Vestrae
1345 2594 1387 2657 ad
1413 2592 1495 2655 Suum

315 2707 439 2777 Ducem,
455 2709 488 2770 ut
504 2705 530 2767 is
546 2704 595 2768 ubi
611 2724 727 2768 mecum
744 2706 884 2770 conterre
901 2705 1068 2789 incoeperit
1082 2705 1236 2769 meliorem
1253 2708 1284 2766 et
1299 2704 1412 2785 justam
1428 2701 1493 2763 Pro-

314 2815 492 2898 positionum
508 2823 539 2877 et
555 2814 795 2877 Declarationum
811 2834 943 2878 mearum
965 2818 1068 2898 posset
1092 2813 1204 2877 habere
1227 2814 1341 2885 ideam:
1366 2814 1429 2875 Hoc
1449 2807 1492 2871 uhi

316 2926 458 2986 executus
489 2922 603 2985 fueram
633 2921 789 2985 Dominum
819 2923 886 2986 Bar.
919 2922 957 2985 de
985 2922 1177 2992 Schmettau,
1208 2918 1491 3005 Plenipotentiarium

315 3033 427 3115 Regiae
442 3032 607 3115 ltlajestatis
622 3033 781 3095 Borussiae
799 3033 923 3096 conveni
941 3032 977 3096 ad
989 3032 1113 3115 Regium
1125 3032 1312 3115 Rescriptum
1328 3050 1379 3094 me
1396 3046 1492 3114 proro-

315 3142 408 3205 eando
433 3146 464 3204 et
487 3162 569 3204 suam
585 3140 801 3205 Excellentiam
821 3141 957 3224 rogando
982 3146 1015 3205 ut
1037 3141 1224 3225 protectione
1249 3144 1280 3203 et
1296 3161 1390 3224 opera
1405 3159 1451 3201 sua
1464 3136 1488 3197 in

315 3253 372 3315 hoc
400 3249 513 3313 ditlicili
541 3250 661 3331 negotio
688 3270 736 3312 me
759 3250 909 3313 honorare
934 3249 1117 3332 dignaretur,
1141 3249 1276 3333 promisit
1298 3248 1377 3312 haec
1400 3248 1491 3310 huma·

316 3360 436 3422 nissimc
452 3363 483 3421 et
498 3359 594 3421 tenuit
615 3358 805 3429 fidelissime,
829 3378 897 3421 mon
921 3358 999 3421 enim
1023 3378 1082 3421 non
1107 3359 1200 3421 solum
1226 3357 1302 3443 apud
1325 3358 1438 3422 Ducem
1459 3352 1491 3415 de

314 3466 562 3549 lllarleborough,
596 3467 652 3529 sed
682 3472 714 3530 et
745 3467 823 3551 apud
843 3468 914 3530 'DD.
944 3466 1008 3531 00.
1041 3464 1105 3531 GG.
1141 3467 1173 3531 11.
1205 3466 1300 3548 Belgii
1337 3463 1489 3530 secundom

316 3578 482 3640 mandatum
497 3576 588 3659 Regis
603 3575 648 3639 sui
665 3577 695 3638 in
711 3577 829 3640 teminis
847 3576 972 3639 sortibus
988 3577 1104 3640 locutus
1121 3580 1183 3647 est,
1207 3581 1239 3639 ut
1259 3576 1307 3639 illa
1324 3597 1379 3661 pro
1396 3576 1491 3640 Vestra

315 3686 486 3751 Serenitate
511 3692 542 3749 et
565 3685 792 3750 Confoederatis
816 3686 950 3750 Statibus
972 3686 1098 3758 saciant,
1123 3688 1158 3749 ad
1183 3708 1258 3771 quae
1281 3708 1339 3750 non
1363 3692 1420 3749 tam
1443 3700 1491 3766 per

315 3796 533 3859 Conscientiam
557 3800 589 3859 et
612 3796 757 3879 promissa
778 3814 883 3858 eorum
907 3796 1047 3879 positiva,
1073 3816 1158 3879 quam
1183 3798 1333 3861 interesse
1349 3795 1490 3881 proprium

315 3904 498 3986 obligantium
512 3904 610 3967 Rebus
623 3926 698 3988 ergo
711 3904 858 3968 stantibus
872 3906 949 3988 apud
962 3906 1075 3968 Ducem
1088 3905 1125 3968 de
1134 3907 1364 3989 llarlcborough
1377 3906 1489 3991 primaru

316 4022 346 4076 et
362 4012 554 4076 honorificam
569 4012 658 4076 habui
675 4014 864 4085 audientiam,
889 4015 1008 4098 excepit
1024 4036 1072 4077 mc
1088 4016 1193 4079 stando
1216 4022 1319 4099 aperto
1344 4018 1439 4099 capite
1459 4032 1489 4072 ae

313 4128 381 4206 post
398 4122 490 4206 prima
506 4122 720 4205 Complimenta
737 4124 882 4195 consedit,
901 4128 932 4187 et
947 4142 995 4185 ma
1011 4124 1040 4186 in
1057 4126 1108 4187 tali
1133 4124 1198 4188 loco
1223 4126 1346 4194 lucravit,
1371 4124 1418 4188 ubi
1440 4140 1488 4183 nec
1520 4192 1521 4196 η

314 4234 364 4296 ille
388 4252 444 4294 nec
468 4250 526 4313 ego
549 4232 674 4314 primum
689 4232 803 4295 habere
819 4234 917 4296 locum
941 4232 1043 4296 dicere
1059 4239 1239 4317 poteramus,
1256 4235 1356 4298 Redeo
1373 4254 1389 4296 a
1405 4234 1487 4298 Cere·

315 4341 420 4404 rrroniis
452 4340 488 4402 ad
515 4341 636 4403 Realia:
684 4342 753 4404 Post
784 4342 893 4425 primas
925 4342 1088 4406 Civilitates
1120 4343 1238 4406 exhibui
1269 4345 1396 4409 antelato
1422 4336 1486 4405 Duci

315 4451 477 4515 secundam
492 4450 728 4514 manuductionem
740 4451 945 4515 lnstructionis
959 4454 1101 4535 scriptum
1114 4452 1217 4537 (cujus
1229 4453 1343 4535 copiam
1356 4452 1391 4515 ed
1404 4454 1485 4515 Sere-

316 4560 437 4624 nitatem
454 4559 590 4623 Vestram
606 4561 687 4643 Raga
711 4561 899 4623 commissum
916 4562 1108 4643 pervenisse,
1125 4561 1297 4647 informavi)
1321 4554 1484 4624 declarando
