3117 5084
636 592 689 655 36.

152 734 422 802 Schreiben
454 735 695 800 chment’s
730 756 779 799 an
808 735 928 800 nobe
957 737 1146 803 Brenner.

252 869 297 934 Ad
314 869 465 934 dominum
481 870 618 934 Brenner
633 870 783 934 Berolino.
800 870 831 933 2.
848 870 948 953 Martij
966 870 1064 936 1710.

277 1025 314 1089 Ρ.
331 1027 368 1089 Ρ.

144 1147 271 1234 Optime
293 1148 364 1214 mihi
385 1149 551 1215 redduntur
570 1150 604 1216 R.
621 1149 658 1214 D.
680 1148 715 1214 V.
740 1149 848 1214 literae
869 1168 926 1213 una
954 1169 1022 1215 cum
1043 1151 1165 1216 inclusis
1181 1152 1255 1216 Exc.

52 1257 166 1322 domini
183 1258 328 1342 Suprcmi
348 1257 500 1340 generalis
522 1258 555 1324 C.
572 1259 720 1343 Beroenyi
743 1277 779 1322 cx
802 1257 908 1342 quibus
928 1278 1043 1324 summo
1064 1279 1132 1324 cum
1147 1260 1257 1344 gaudio

53 1385 243 1450 progressus
259 1363 375 1432 seren''¹
389 1365 533 1451 principis
548 1367 695 1451 intelligo,
713 1387 787 1452 qvos
800 1366 944 1432 Gazettae
956 1368 1140 1435 Wiennescs
1153 1368 1257 1434 obius-

54 1496 124 1540 care
139 1477 317 1550 intendunt,
333 1479 392 1542 imo
410 1478 557 1542 antelatae
573 1478 697 1543 actionis
713 1477 750 1542 ad
766 1477 900 1542 Vadlrert
914 1478 1068 1543 victoriam
1089 1500 1106 1542 a
1122 1480 1256 1563 partibus

55 1586 116 1650 suis
132 1587 263 1650 stetisse
280 1605 455 1650 asseverare
468 1606 528 1650 non
540 1584 733 1650 erubescunt.
751 1585 925 1670 Expectabo
940 1585 1034 1668 igitur
1049 1587 1146 1650 adbuc
1161 1587 1257 1670 parti-

55 1694 166 1758 cularia
192 1695 320 1758 aetionis
344 1693 451 1777 hujus,
473 1699 506 1760 ut
524 1698 556 1760 ct
578 1694 616 1759 de
634 1693 721 1760 Goltn
736 1714 794 1779 per
808 1713 912 1758 manus
928 1693 1038 1758 domini
1054 1694 1209 1760 iablonski
1225 1702 1256 1760 et

55 1801 172 1866 interea
184 1801 377 1867 bicBerolini
389 1806 421 1866 ct
432 1802 623 1867 inHollandia
636 1822 671 1866 ea
685 1802 844 1886 quaemihi
860 1801 1114 1868 communicantur
1129 1803 1257 1887 imprimi

56 1909 179 1976 curabo.
206 1910 377 1994 Qualianam
389 1915 499 1995 puncta
511 1912 595 1976 aulae
606 1912 785 1976 Bonussicae
800 1910 976 1975 tradiderim
993 1917 1024 1975 et
1041 1930 1115 1994 qvae
1131 1917 1256 1976 eatenus

56 2020 125 2084 mibi
145 2019 239 2084 datae
260 2025 329 2084 sunt
344 2020 560 2094 resolutiones,
583 2042 621 2086 ex
637 2040 752 2086 annexo
769 2019 884 2104 scripto
899 2019 1004 2085 ridere
1018 2019 1152 2104 placebit
1166 2023 1200 2085 o.
1217 2022 1254 2084 D.

56 2126 122 2192 V'¹·'
141 2127 184 2192 ut
202 2128 439 2212 qvandoqridem
459 2133 601 2212 punctum
624 2128 687 2192 6⁸⁰¹*
706 2127 824 2192 ratione
839 2127 964 2192 Palatini
979 2127 1148 2192 Kioriensis
1171 2129 1256 2192 aulae

58 2233 190 2299 Crareae
208 2256 264 2319 per
277 2236 448 2302 Bomssiam
464 2235 575 2320 optime
599 2236 857 2320 interpretandum
873 2254 929 2319 per
943 2235 1158 2300 Excellentiam
1172 2256 1255 2300 suam

61 2343 272 2416 committitur,
295 2344 387 2408 officii
404 2346 464 2408 mei
480 2345 587 2410 luisset
604 2344 634 2408 id
655 2347 687 2409 in
703 2345 768 2410 aula
791 2343 848 2408 bac
863 2342 1037 2408 reiterandi.
1070 2343 1143 2426 Quia
1157 2349 1255 2408 umen

59 2451 140 2533 pacis
162 2456 311 2516 mactatus
327 2454 536 2518 accelerantur
551 2458 582 2518 et
597 2452 816 2540 praeliminaria
833 2473 850 2516 a
864 2471 941 2536 rege
956 2450 1117 2515 Galliarum
1132 2458 1255 2537 praeter

61 2557 110 2622 ot.
132 2564 279 2643 punctum
299 2563 505 2646 superscripta
527 2567 595 2626 sunt
620 2565 652 2625 et
675 2581 730 2646 pro
753 2560 929 2626 tractatibus
951 2558 1049 2624 breda
1069 2559 1172 2626 ciuitas
1192 2561 1255 2643 jam

60 2665 249 2732 denominata
269 2673 317 2732 est
337 2688 375 2734 ex
395 2669 538 2736 instinctu
559 2676 591 2735 et
606 2691 695 2736 suasu
711 2669 897 2735 dominorum
913 2666 1115 2734 ministrorum
1132 2673 1254 2734 extero-

60 2793 121 2838 rum
138 2775 232 2842 bodie
241 2779 355 2860 Hagam
367 2777 506 2843 comitum
521 2797 617 2862 pergo
634 2783 812 2863 experturus
827 2782 927 2842 utrum
942 2776 1033 2840 alliati
1048 2796 1104 2840 nos
1118 2778 1254 2859 generali

60 2883 124 2964 paci
138 2883 313 2957 includere,
335 2903 392 2948 ceu
415 2887 635 2970 promiserunt,
659 2885 826 2950 allaborare
841 2884 935 2950 velint
941 2907 951 2960 ;
968 2889 1083 2950 certum
1100 2885 1179 2948 eninr
1195 2893 1254 2960 est,

62 2989 209 3058 dominum
224 2989 429 3076 Kbrtvdlyessi
445 2998 477 3059 et
492 2994 641 3060 dominum
657 2994 771 3059 Dobozi
793 2994 935 3078 positivus
958 2991 1071 3058 habere
1094 3013 1253 3058 assecura-

61 3097 163 3164 tioncs.
181 3099 343 3182 Negotium
366 3101 563 3184 protectionis
585 3102 667 3185 regis
682 3101 842 3166 Borussiac
857 3121 913 3185 pro
930 3102 964 3165 ll.
981 3101 1017 3165 D.
1036 3101 1070 3166 V.
1088 3100 1166 3186 qvod
1182 3101 1253 3166 atti-

62 3211 118 3278 net,
134 3227 203 3271 cam
219 3227 277 3294 rex
287 3207 423 3291 publice,
446 3209 503 3274 nisi
519 3229 600 3274 suam
617 3211 805 3277 autoritatem
822 3229 973 3294 exponere
994 3209 1082 3282 velit,
1105 3209 1252 3293 impertiri

64 3315 173 3399 noqrit;
192 3315 223 3382 id
238 3321 339 3381 minen
353 3317 466 3382 obtinui
482 3323 513 3384 ut
528 3318 713 3384 rescribatur
727 3319 846 3384 domino
861 3317 1020 3382 Marschall
1037 3317 1252 3382 debiberstein

64 3439 114 3504 quo
134 3423 196 3490 boc
217 3425 370 3509 negotium
396 3427 477 3510 quasi
498 3429 615 3492 nomine
637 3448 692 3494 suo
714 3427 793 3512 apud
813 3446 920 3511 regem
934 3428 1100 3508 angustum
1122 3424 1205 3489 liniat
1221 3432 1253 3491 et

64 3549 124 3594 oum
138 3531 259 3596 domino
277 3533 371 3599 Crusc
387 3539 513 3600 eatenus
528 3536 708 3620 toqveudnm
724 3536 799 3608 erit,
817 3536 865 3620 qai
881 3539 1058 3619 praesentes
1073 3539 1105 3598 ct
1120 3534 1251 3617 reliquas

64 3636 158 3704 ao¹¹
173 3641 233 3708 V‘⁸'
246 3642 347 3706 tradet
366 3643 470 3707 literas
491 3644 623 3708 inclusas
646 3643 683 3708 ad
710 3644 859 3708 dominam
885 3643 1046 3707 Palatinam
1074 3643 1251 3706 Belzcnsem

66 3749 274 3827 promovendas
294 3754 365 3834 peto
389 3770 461 3835 qvas
482 3757 514 3816 ut
533 3757 566 3816 et
582 3771 662 3816 meas
678 3752 715 3816 ad
731 3752 759 3815 d.
778 3752 917 3834 comitem
932 3751 1098 3836 Bercseoyi
1115 3756 1250 3815 exaratas

65 3852 125 3919 ideo
140 3863 260 3942 apertas
275 3859 370 3930 mitto,
386 3864 418 3922 ut
435 3879 469 3924 ea
486 3879 560 3945 quae
581 3860 682 3925 scribo
698 3862 732 3926 R.
749 3862 787 3925 D.
803 3861 839 3926 V.
856 3861 1061 3931 innotescant,
1083 3864 1116 3922 ct
1132 3859 1249 3924 domina

67 3961 188 4034 Palatina
209 3986 325 4032 ornnem
348 3967 487 4034 adhibeat
508 3988 625 4042 curam,
648 3989 704 4054 qro
730 3989 815 4054 qvam
837 3969 980 4034 citissime
1003 3973 1035 4032 et
1057 3970 1248 4033 securissime

69 4073 263 4155 expediantur,
278 4095 403 4159 magnac
420 4077 498 4140 enim
520 4083 591 4142 sunt
611 4077 853 4162 consequentiae.
885 4078 919 4141 ll.
936 4077 973 4140 D.
991 4076 1026 4140 V.
1043 4082 1076 4140 ut
1091 4097 1143 4140 eas
1165 4076 1248 4140 obsi-

67 4179 162 4258 gillare
177 4183 320 4266 dignetur
334 4184 495 4250 humillime
511 4205 597 4270 rogo.
631 4187 790 4252 Caeterum
805 4187 844 4250 de
860 4186 1055 4271 protectionis
1078 4191 1109 4250 et
1125 4186 1247 4249 Palatini

70 4285 222 4356 lilariensis
238 4293 359 4376 negotio
376 4293 454 4359 dom.
470 4295 627 4359 iablonski
648 4294 843 4380 sequentibus
865 4295 960 4378 postis
982 4291 1167 4364 informabit;
1188 4313 1247 4375 ego

69 4413 131 4462 uero
158 4421 195 4464 ex
225 4421 292 4466 meo
319 4402 428 4466 itinere
460 4408 567 4468 cuncta
596 4404 819 4470 accuratissime
844 4403 1037 4488 perscribere
1067 4421 1127 4466 non
1150 4401 1247 4466 inter-

69 4503 175 4574 mittam.
