3117 5084
309 332 389 405 212

307 514 339 571 et
354 508 401 572 vel
417 508 542 571 maxime
557 505 626 569 ideo
644 506 710 571 aula
726 506 877 590 indignari
894 506 1012 573 ridetur
1036 504 1115 590 qvod
1138 504 1243 569 horum
1264 504 1361 569 nultos
1378 503 1504 568 effeetus

306 614 486 680 subsecutus
503 620 553 679 aut
568 616 660 679 uiium
674 636 690 678 a
704 616 737 679 S.
751 616 787 680 V.
801 616 917 679 ratione
931 615 1046 697 negotii
1062 614 1150 696 hujus
1166 632 1342 697 responsum
1358 610 1395 674 ad
1411 610 1505 674 auiam

306 724 440 795 venerit,
462 723 541 807 qvod
564 724 637 786 mihi
661 723 780 809 quidem
804 722 940 787 dominus
963 721 1001 784 de
1025 722 1110 806 ilgen
1134 742 1193 785 oon
1218 719 1424 804 exprobravit,
1452 718 1507 782 sed

305 830 487 896 Birndorstio
512 837 543 896 et
566 830 644 914 apud
668 831 743 895 alios
764 832 918 895 ministros
939 830 1026 894 vaide
1043 832 1225 913 conquestus
1241 834 1298 891 est.
1331 827 1404 890 Cum
1420 828 1506 889 venia

306 943 339 1007 S.
351 941 387 1007 V.
408 942 474 1004 sine
492 939 659 1005 adulatione
675 939 779 1005 dicere
795 944 905 1004 teneor
921 939 1034 1003 similes
1050 958 1101 1001 res
1118 936 1196 1023 apud
1212 938 1308 1003 eniam
1317 935 1506 999 Borossioam

306 1049 404 1113 eidem
426 1050 514 1113 nimis
536 1050 676 1113 nocuisse
699 1048 777 1132 qvod
800 1048 919 1133 saepius
943 1048 1011 1111 talia
1037 1045 1136 1109 eidem
1152 1046 1286 1131 exposita
1303 1044 1416 1108 inerint
1431 1064 1506 1127 qnae

306 1156 377 1219 dein
392 1157 440 1220 rel
458 1156 568 1220 effectu
583 1176 637 1219 suo
653 1161 819 1220 caruerunt
833 1156 881 1221 vei
897 1157 928 1218 in
945 1156 989 1219 rei
1006 1156 1132 1221 veritate
1148 1156 1189 1219 ita
1205 1176 1241 1219 se
1256 1176 1314 1217 non
1327 1152 1508 1222 hahuerunt,

306 1265 349 1329 uti
362 1265 480 1350 quidem
493 1264 673 1329 Birndoriiio
691 1266 831 1349 contigit,
847 1264 886 1329 de
904 1284 960 1350 quo
978 1267 1081 1329 neseio
1099 1284 1136 1329 an
1152 1264 1190 1329 ob
1207 1264 1274 1348 ejus
1290 1262 1507 1329 vehementiam

305 1379 356 1439 aut
372 1375 439 1439 aliis
456 1375 494 1438 de
510 1376 608 1438 nausis
620 1374 750 1439 ministri
761 1374 928 1439 aliiatorum
941 1380 1166 1459 conqueruntur
1177 1379 1209 1439 et
1221 1372 1293 1435 mihi
1305 1389 1383 1435 nune
1395 1390 1508 1453 expro-

306 1482 396 1547 brant
412 1482 450 1546 de
467 1503 526 1546 non
542 1488 700 1565 acceptato
717 1504 734 1545 a
749 1484 783 1547 S.
801 1483 835 1546 V.
854 1484 1020 1547 Turearum
1036 1482 1143 1545 auritio
1167 1486 1343 1564 argumenta
1368 1478 1507 1541 afferenti

306 1595 453 1655 secentas
469 1611 542 1674 prae
558 1590 694 1654 manibus
709 1590 825 1654 habere
841 1590 1068 1655 informationes
1094 1590 1274 1655 eontrarium
1291 1590 1459 1651 statuentes
1475 1590 1508 1647 et

306 1697 339 1762 S.
354 1698 387 1764 V.
401 1698 543 1763 continuo
559 1699 725 1763 Turoarum
741 1699 848 1763 auxilie
865 1699 1061 1783 quaesivisse,
1075 1698 1142 1762 nolo
1159 1698 1262 1762 dicere
1278 1695 1507 1759 diminutionem

305 1806 363 1871 aeli
381 1806 564 1891 quorundam
581 1806 620 1871 ob
636 1807 674 1871 iis
690 1808 837 1894 promissa
859 1806 915 1871 sed
939 1825 998 1871 non
1015 1806 1081 1871 data
1098 1826 1167 1871 rasa
1183 1806 1258 1881 vini,
1282 1825 1340 1869 nee
1357 1802 1508 1888 quidpiam

305 1920 449 1998 repetere
464 1916 532 1981 roto
545 1915 583 1978 de
595 1915 845 1980 inconvenientiis
861 1935 935 2001 qvae
947 1918 979 1979 in
991 1915 1173 2000 negotiando
1186 1913 1325 1978 defectus
1336 1916 1507 1996 sumptuum

305 2024 548 2087 necessariorum
563 2030 696 2089 causant
730 2023 914 2089 Caeterum.
934 2072 940 2087 .
960 2074 967 2088 .

861 2238 939 2305 103.

519 2364 741 2430 Sehreiben
764 2364 1002 2431 iablonski's
1032 2386 1076 2430 an
1097 2365 1279 2430 Klement.

624 2492 775 2565 Berlin,
792 2491 864 2556 den
880 2492 935 2557 22.
954 2492 1064 2575 Sept.
1082 2492 1180 2557 1711.

521 2652 771 2737 WohIgeborner

441 2760 604 2826 Insonders
619 2762 855 2847 hochgeEhrter
871 2764 950 2827 Herr
966 2764 1128 2828 Geratteri

395 2885 474 2949 Mein
495 2888 637 2972 jdngstes
660 2908 724 2953 war
744 2908 814 2953 rom
835 2889 865 2954 8.
884 2890 989 2973 hujus,
1020 2890 1078 2955 seit
1099 2889 1248 2955 welchem
1277 2891 1328 2954 ich
1352 2888 1402 2955 die
1426 2889 1508 2954 Etrre

304 2993 434 3078 gehabt,
458 2996 478 3057 3
495 2995 569 3059 dero
586 2997 792 3080 angenehmer
809 2998 980 3063 Sehreiben
1003 3020 1039 3063 ιιι
1057 2999 1206 3073 erhaltem
1223 3020 1290 3064 vom
1307 2999 1362 3065 28.
1379 3000 1508 3082 August,

308 3102 336 3165 1.
354 3102 414 3167 und
430 3102 461 3167 8.
479 3103 566 3189 Sept.
606 3104 750 3169 itieseibe
772 3106 875 3170 hatten
896 3126 1007 3190 wegen
1031 3126 1159 3171 unserer
1179 3108 1278 3193 Haupt
1299 3108 1404 3171 affaire
1429 3107 1509 3171 mich

305 3210 459 3275 zwisehen
480 3210 595 3276 Fureht
617 3212 676 3275 und
698 3212 866 3296 Hoduung‚
890 3214 1029 3279 wiewoht
1052 3214 1135 3279 nieht
1157 3216 1288 3299 teugnen
1310 3215 1408 3289 kann,
1438 3214 1509 3279 dass

301 3316 376 3399 jene
397 3318 508 3383 beinah
530 3326 657 3403 grosser
680 3319 724 3383 ais
748 3321 842 3383 diese.
871 3321 956 3385 Dooh
980 3323 1081 3387 stehet
1101 3323 1176 3387 alles
1192 3323 1243 3387 bei
1260 3322 1348 3397 Gott,
1371 3323 1431 3387 der
1452 3324 1509 3387 der

304 3423 471 3490 diensehen
493 3426 627 3491 Hertnen
648 3428 679 3491 in
700 3429 802 3492 seiner
824 3426 908 3493 Hand
930 3429 991 3495 hat.
1035 3429 1116 3495 idieh
1137 3430 1214 3496 wird
1236 3430 1507 3515 unausspreehliet

304 3534 485 3617 verlangen‚
511 3535 569 3600 den
594 3536 686 3601 effeet
702 3557 739 3601 ιιι
755 3538 869 3612 seben,
887 3538 961 3603 Gott
976 3539 1056 3622 gelre
1073 3540 1142 3604 dass
1159 3561 1193 3603 er
1210 3562 1321 3605 unsem
1337 3542 1506 3606 wdnseheo

304 3649 409 3725 gemts
425 3646 481 3708 sei.
504 3645 714 3711 Unterdessen
729 3645 798 3710 sind
812 3649 863 3711 Se.
881 3648 988 3713 Hoeht'.
1005 3648 1210 3714 Durehiaueht
1225 3651 1279 3713 mit
1290 3649 1359 3713 dem
1371 3650 1507 3715 Cnaareo

304 3749 352 3814 his
367 3751 490 3817 Theren
506 3752 656 3827 tommen,
672 3775 731 3819 ron
747 3755 866 3820 dannen
883 3742 1044 3822 ste'einen
1060 3760 1234 3845 Expressen
1250 3759 1345 3824 anher
1360 3760 1507 3825 sohieken

304 3860 425 3935 moilen,
441 3862 502 3926 und
517 3863 594 3927 wird
609 3864 663 3928 mit
678 3864 820 3948 heutiger
835 3867 907 3932 Post
922 3866 1070 3952 selbigem
1087 3870 1142 3933 der
1150 3871 1223 3935 Pass
1240 3888 1287 3932 um
1304 3870 1509 3953 ungehindert

308 3968 404 4034 anher
434 3990 471 4033 ιιι
499 3970 653 4045 hommem
680 3979 836 4058 entgegen
858 3974 1026 4059 geschiekt.
1063 3976 1114 4040 leh
1139 3976 1247 4039 nehme
1275 3998 1328 4041 aus
1353 3979 1510 4061 gewissen

306 4077 515 4145 Umbsttnden
540 4082 593 4154 ab,
618 4082 686 4147 dass
708 4082 812 4149 dieser
826 4085 978 4170 Expresso
991 4092 1085 4153 etwas
1100 4086 1260 4171 wiehtiges
1275 4087 1383 4153 werde
1400 4108 1510 4155 vortu-

309 4191 418 4272 tragen
432 4189 542 4256 haben.

394 4301 472 4365 Dass
494 4300 550 4365 der
564 4302 675 4366 Friede
700 4302 853 4366 awisehen
878 4302 1000 4367 Moseau
1026 4303 1085 4367 und
1109 4303 1165 4367 der
1179 4304 1284 4370 Pforte
1306 4305 1423 4390 riehtig
1444 4326 1509 4389 sep.

305 4408 397 4472 daran
412 4408 453 4474 ist
469 4409 597 4473 numehr
612 4429 646 4474 so
662 4411 801 4493 weniger
818 4430 855 4475 ιιι
871 4411 1032 4485 zweiffeln,
1045 4413 1081 4477 da
1094 4413 1143 4476 die
1155 4413 1342 4479 Ratifieation
1355 4434 1415 4479 von
1428 4416 1508 4480 Con-

304 4518 486 4601 stantinopet
502 4518 649 4584 wortrieh
665 4519 969 4603 nordekgekommen.
