3117 5084
296 296 346 369 5⁰

297 477 406 539 Tereia
433 476 630 541 ratificatione
658 481 801 539 oretenus
827 496 884 559 per
909 498 958 543 me
986 480 1077 563 totius
1100 479 1297 563 expeditionis
1318 500 1378 543 nec
1399 479 1490 541 ndum

298 606 438 648 rrrrrarnm
462 606 517 670 per
542 585 655 651 alliatas
678 584 829 669 potentias
853 586 886 651 S.
905 587 939 653 V.
961 588 1105 653 laetarum
1121 588 1355 673 propositionum
1373 587 1490 651 rendam

299 694 492 767 relationem,
517 693 733 778 benignissime
749 698 925 777 expectare3
949 696 1159 761 intereavero
1183 701 1216 762 ut
1242 697 1314 759 nibil
1340 696 1492 778 temporis

299 801 376 885 qvod
391 802 479 866 modo
493 804 565 867 satis
578 802 742 888 pretiosum
755 806 813 874 est,
825 802 979 886 perdatur,
991 805 1211 889 propositiones
1223 806 1306 889 pacis
1319 826 1413 869 noras
1421 804 1494 867 Cae·

299 911 357 973 sari
376 912 478 975 lacere
495 912 638 995 dignetur
654 932 701 985 eo,
718 912 797 998 qvod
813 911 919 975 iisdem
931 912 1018 977 iactis
1030 912 1195 979 alliatorum
1207 914 1334 979 ministri
1346 914 1494 977 Wiennae

300 1020 464 1084 existentes
486 1020 517 1083 in
540 1020 708 1085 commissis
731 1017 863 1091 babent,
888 1022 1011 1103 negotio
1032 1021 1102 1085 buic
1123 1042 1159 1087 se
1175 1020 1362 1085 immiscendi
1379 1026 1413 1083 et
1427 1019 1495 1083 illud

302 1149 354 1213 pro
373 1129 452 1192 omrri
468 1148 558 1213 posse
575 1128 778 1213 promovendi.
808 1128 932 1194 Certum
946 1150 1021 1195 sane
1037 1136 1101 1204 est,
1124 1132 1219 1194 aulam
1236 1130 1417 1195 Caesaream
1441 1149 1494 1191 non

301 1238 376 1301 adeo
399 1259 415 1301 a
432 1258 507 1321 pace
524 1238 694 1320 Hungariea
715 1236 844 1301 alienam
860 1258 915 1311 eo,
937 1239 1016 1325 qvod
1031 1241 1062 1303 in
1078 1259 1223 1323 praesens
1239 1238 1395 1323 spargitur
1409 1235 1495 1301 Card

304 1347 341 1409 de
360 1346 496 1411 Sachsen
511 1346 594 1410 Zeita
617 1346 650 1413 C.
668 1346 707 1409 de
724 1346 889 1412 Scblieben
904 1348 943 1412 ad
959 1349 991 1413 S.
1008 1348 1043 1413 V.
1061 1347 1205 1432 expedire
1219 1348 1296 1412 aelle
1317 1345 1354 1409 ad
1379 1366 1497 1429 permo-

302 1455 427 1519 vendum
453 1457 485 1521 S.
499 1456 535 1521 V.
559 1475 652 1520 novos
676 1456 768 1521 ordiri
792 1457 877 1541 pacis
899 1462 1053 1522 tractatus.
1085 1458 1189 1541 Qualia
1205 1455 1332 1521 bandini
1348 1460 1382 1519 et
1397 1456 1498 1536 llagae

302 1563 448 1627 Comitum
469 1564 553 1646 pacis
575 1563 693 1628 fiendae
716 1569 748 1628 et
763 1564 987 1629 concludendae
1002 1565 1245 1650 proposuerimus
1260 1567 1372 1647 puncta
1393 1562 1499 1647 qvibus

303 1671 424 1735 uberior
445 1672 586 1737 deductio
610 1677 643 1737 et
667 1672 747 1737 clara
769 1673 844 1756 justi
866 1694 902 1737 ac
924 1674 1013 1760 aequi
1029 1672 1241 1737 demonstratio
1257 1672 1376 1737 adiecta
1391 1672 1500 1742 luerat.

303 1783 353 1847 bie
377 1802 491 1847 annexa
507 1782 710 1866 reperiuntur.
743 1782 787 1846 lla
803 1782 970 1847 Caesareae
994 1783 1079 1846 aulae
1100 1780 1294 1867 proponenda
1316 1790 1503 1845 cerasueruat

304 1891 438 1975 inprimis
456 1890 593 1955 Hellandi
612 1892 641 1955 1.
658 1891 702 1955 illi
718 1896 750 1955 et
766 1891 798 1955 3.
815 1891 945 1956 obtineri
960 1891 1206 1974 Transsylvaniae
1221 1911 1294 1955 vero
1315 1889 1386 1953 dum
1409 1910 1500 1973 prae·

304 2000 407 2062 sertim
424 1999 457 2065 S.
474 1998 509 2063 V.
527 1999 637 2063 ibidem
654 1999 719 2063 sere
740 2000 812 2064 nibil
836 1999 990 2083 possideat
1010 1998 1219 2084 praesentibus
1242 2000 1272 2064 in
1294 1998 1501 2080 conjuncturis

305 2109 351 2170 rix
369 2107 524 2171 effectuari
540 2128 630 2190 posse
647 2107 757 2191 opinati
774 2112 855 2181 sunt,
872 2109 1005 2174 facturos
1020 2114 1120 2172 nmen
1136 2128 1171 2171 se
1187 2108 1283 2171 omnia
1294 2127 1373 2192 quae
1385 2108 1501 2190 pracli-

306 2214 412 2279 cabilia
434 2216 547 2279 fuerint
569 2221 790 2281 assecurarunt.
834 2217 909 2299 Quia
931 2236 1004 2280 nero
1027 2215 1153 2280 dominis
1175 2215 1282 2279 alliatis
1304 2215 1446 2279 Caesaris
1472 2224 1502 2277 et

306 2324 507 2387 ministrorum
521 2323 559 2387 de
571 2326 797 2408 Transsylvania
810 2345 869 2388 non
882 2325 1036 2389 avellenda
1051 2346 1136 2390 mens
1147 2325 1260 2408 optime
1274 2328 1391 2388 constat
1402 2324 1503 2406 prouti

307 2437 431 2496 eatenus
444 2432 532 2495 etiam
546 2433 578 2497 S.
586 2434 621 2499 V.
635 2433 751 2497 domina
767 2454 854 2497 soror
869 2434 1020 2498 comitissa
1036 2432 1230 2518 d'bpremont
1241 2432 1395 2504 Coloniae,
1409 2452 1502 2516 qvor-

307 2562 371 2607 sum
393 2562 441 2605 me
458 2562 495 2606 ex
511 2543 647 2607 nraudato
665 2543 697 2606 S.
715 2542 749 2607 V.
768 2541 962 2617 contuleram,
978 2543 1161 2614 informarit,
1179 2542 1338 2607 Caesarem
1361 2539 1505 2605 uidelicet

308 2674 385 2717 anno
400 2653 498 2725 1706,
515 2657 670 2737 postquam
683 2672 699 2715 a
712 2653 744 2718 S.
754 2654 790 2719 V.
804 2654 956 2725 rediisset,
969 2652 1126 2739 aliquoties
1139 2652 1322 2723 declarasse,
1335 2671 1371 2714 se
1382 2651 1505 2715 sincere

309 2782 420 2845 cupere
444 2780 511 2825 eum
528 2762 560 2825 S.
580 2762 612 2825 V.
630 2764 805 2834 convenire,
830 2760 1016 2846 impossibile
1030 2767 1131 2827 tamen
1146 2780 1227 2837 esse,
1243 2759 1504 2842 Transsylraniam

262 2896 267 2903 ·
309 2870 430 2943 cedere,
448 2871 594 2934 laetiorum
612 2891 646 2934 se
663 2872 778 2935 interea
795 2872 892 2935 omnia
908 2892 984 2956 qnae
1001 2870 1034 2934 S.
1048 2870 1082 2935 V.
1097 2869 1324 2940 desideraverit,
1342 2874 1374 2931 et
1389 2867 1417 2929 si
1431 2888 1505 2951 qvas

308 2978 528 3061 propositiones
545 2980 646 3043 faeere
663 2980 735 3044 velit
751 2980 785 3044 S.
801 2978 835 3042 V.
852 2999 905 3043 eas
921 3000 976 3063 per
991 2985 1063 3043 tnnc
1080 2979 1218 3043 camitem
1236 2995 1315 3041 nunc
1336 2975 1504 3059 principem

310 3089 347 3151 de
363 3087 514 3168 bamberg
529 3086 594 3149 lieri
611 3108 709 3169 posse.
737 3087 853 3153 ldcireo
869 3087 958 3152 iidem
976 3086 1084 3151 domini
1100 3086 1193 3151 alliati
1209 3085 1345 3170 inprimis
1360 3104 1435 3149 reru
1452 3106 1505 3147 rex

309 3196 468 3259 borussiae
481 3214 535 3277 pro
548 3195 673 3259 candido
685 3217 740 3259 suo
754 3216 811 3279 qvo
824 3197 857 3261 S.
866 3197 901 3260 V.
915 3196 1034 3261 felicem
1046 3196 1150 3260 videre
1163 3196 1246 3279 cupit
1257 3194 1368 3259 affeetu
1383 3194 1506 3257 sineere

310 3304 428 3375 suadet,
457 3303 533 3367 utin
552 3323 651 3366 casum
676 3325 733 3367 non
756 3304 937 3369 obtinendae
958 3304 1209 3389 Transsplraniae
1232 3304 1265 3367 S.
1285 3302 1321 3367 V.
1347 3323 1403 3385 pro
1424 3302 1505 3367 bono

308 3418 442 3475 seren¹¹¹¹¹⁶
465 3432 534 3475 sune
558 3412 705 3484 familiae,
730 3413 818 3493 regni
835 3413 1002 3493 ilungariae
1026 3414 1143 3497 quiete,
1167 3433 1222 3496 pro
1246 3412 1290 3474 rei
1307 3410 1505 3493 evangelicae

309 3519 1505 3603 emolumentobenignissimeconsideretmodernaseorrjuncturasEuropaeas

308 3633 417 3691 statum
440 3628 522 3710 regis
545 3628 659 3693 Galliae
681 3630 730 3713 qvi
754 3650 813 3693 non
836 3630 931 3693 solum
954 3635 1046 3695 totam
1072 3630 1272 3694 necessitatur
1287 3628 1419 3693 reddere
1434 3629 1505 3693 llis·

309 3735 441 3819 panium,
470 3735 524 3799 sed
549 3741 580 3799 et
608 3738 704 3800 omnia
734 3740 786 3802 illa
809 3758 883 3823 qvae
908 3739 1033 3803 durante
1056 3758 1111 3802 suo
1136 3757 1231 3820 regno
1253 3738 1368 3802 Gallico
1392 3738 1505 3819 adjecit

310 3842 454 3925 imperio,
479 3847 510 3906 ut
526 3842 619 3914 adeo,
645 3845 711 3907 dum
730 3846 852 3929 incapax
870 3851 917 3909 est
933 3866 1037 3928 regem
1055 3865 1237 3912 conservare
1252 3841 1441 3927 Philippum,
1467 3866 1504 3906 eo

310 3952 405 4033 magis
421 3952 602 4033 incapacior,
619 3953 651 4015 S.
665 3954 699 4017 V.
718 3975 857 4017 asserere
872 3956 1141 4038 Transsylraniam.
1174 3956 1207 4018 S.
1224 3952 1259 4017 V.
1281 3952 1412 4036 penitius
1427 3952 1504 4014 baec

310 4060 407 4123 omnia
419 4059 591 4123 consideret
603 4080 638 4124 ae
650 4062 680 4123 in
697 4064 886 4147 aequivalens
903 4065 1045 4148 qroddam
1063 4061 1308 4127 condescendere
1324 4082 1358 4122 se
1374 4062 1506 4123 resolvat

311 4188 365 4252 per
386 4167 565 4233 mediatores
587 4188 622 4233 ae
646 4170 672 4233 si
699 4171 741 4234 illi
771 4172 828 4235 boc
853 4172 1017 4255 expediens
1041 4172 1225 4237 invenissent
1247 4175 1278 4233 et
1306 4170 1336 4231 in
1361 4169 1390 4232 id
1415 4168 1447 4231 S.
1469 4169 1502 4231 V.

311 4276 454 4342 inducere
465 4278 587 4348 vellent,
600 4298 684 4362 qvam
698 4281 824 4363 primum
836 4280 875 4343 de
884 4282 917 4345 S.
927 4282 962 4347 V.
976 4280 1107 4364 benigna
1120 4286 1221 4343 niente
1234 4278 1381 4342 informati
1394 4278 1506 4342 inerint

312 4383 432 4449 Caesari
458 4383 691 4466 proponendum.
735 4387 928 4451 Existimetur
951 4388 1068 4473 quidem
1093 4388 1160 4459 bie,
1185 4389 1210 4451 si
1234 4386 1415 4469 Seepusium
1438 4402 1504 4449 cnm

312 4495 423 4575 aliquot
445 4493 631 4557 cornitatibns
655 4496 686 4559 S.
705 4497 739 4559 V.
757 4514 824 4559 enm
847 4516 961 4559 summo
978 4505 1010 4561 et
1026 4496 1161 4561 absoluto
1178 4497 1304 4581 imperio
1320 4495 1502 4561 traderetur.
