3117 5084
1163 375 1214 448 29

25 554 128 637 juveni
139 554 353 640 huicPrincipi
364 556 599 639 persuasissent
608 556 658 638 jus
670 576 755 621 suum
762 555 937 641 Imperatori
948 553 1102 619 uenderet.
1115 554 1215 617 llocce

28 668 125 727 tamen
150 664 318 727 meridiana
342 664 449 728 clarius
471 668 568 749 patet,
597 664 692 749 qvod,
721 666 962 750 quemadmodum
986 664 1129 747 Princeps
1157 682 1216 726 non

29 773 124 855 potuit
141 771 309 856 disponere
325 773 382 836 nisi
399 772 435 836 de
453 793 522 845 suo,
548 793 653 859 nempe
677 774 848 840 individuali
863 797 916 840 sua
932 773 1086 856 dignitate,
1102 773 1143 835 ita
1159 771 1217 836 hoc

28 882 92 965 ojus
108 882 229 945 lactum
245 883 324 945 nulla
340 883 454 947 ratione
474 883 536 965 juri
559 887 686 947 statuum
702 885 909 967 praejudicare
924 882 1070 969 potuerit,
1093 881 1216 944 maxime

30 1010 95 1055 cum
110 992 144 1055 in
161 992 296 1073 allegato
313 990 435 1055 loedere
452 992 548 1056 Arta
565 992 715 1074 expressis
731 993 832 1057 uerbis
847 998 965 1078 pactum
980 997 1011 1056 et
1027 992 1217 1055 constitutum

29 1098 137 1171 luerit,
164 1104 200 1164 ut
223 1104 292 1184 post
312 1099 456 1183 Principis
472 1098 569 1165 Aballi
585 1105 616 1164 et
639 1102 704 1183 ejus
721 1100 772 1165 lilii
785 1103 847 1183 jam
864 1107 925 1166 tum
941 1100 1032 1165 electi
1048 1099 1107 1163 lata
1123 1099 1217 1162 libera

29 1211 146 1270 maneat
160 1226 261 1291 penes
276 1209 515 1273 Traussiluaniae
535 1213 629 1274 status
651 1209 729 1273 iuxta
753 1230 857 1273 eorum
868 1212 937 1293 jura
953 1209 1071 1274 electio.
1103 1208 1216 1291 Vigore

31 1314 139 1399 antiqui
157 1316 249 1398 hujus
266 1322 352 1401 atqve
368 1322 438 1382 tunc
453 1318 585 1381 renovati
598 1318 675 1400 juris
689 1322 784 1383 status
796 1318 1033 1383 Transsiluaniae
1046 1316 1215 1381 Sercuissi·

32 1442 106 1487 mum
130 1425 305 1510 Principem
328 1427 519 1491 Franciscum
542 1426 671 1492 llalroczi
698 1429 858 1512 elegemnt
882 1426 970 1493 1704
993 1432 1025 1491 et
1054 1426 1219 1491 solenniter

34 1532 251 1616 inaugurarunt
267 1534 360 1601 ¹707.
385 1536 438 1599 llic
451 1556 521 1600 uero
535 1537 716 1620 cumprimis
733 1536 949 1601 obseruandum
966 1540 1014 1601 est
1028 1536 1218 1601 securitatem

36 1662 92 1706 uon
103 1644 204 1707 solum
219 1644 437 1709 constitutionis
450 1644 543 1710 ciuilis
556 1650 587 1711 et
598 1646 817 1731 tranquillitatis
830 1646 1008 1729 Hungariae,
1017 1665 1119 1711 serum
1131 1645 1219 1709 etiam

37 1752 189 1835 religionis
218 1754 409 1837 evangelicae
431 1756 461 1817 iu
476 1756 625 1838 llungaria
648 1775 736 1840 quam
750 1755 977 1839 Transsylrania
997 1755 1164 1819 consistere
1188 1759 1220 1817 et

38 1860 168 1927 absolute
187 1862 361 1947 dependere
377 1884 394 1926 a
410 1864 636 1929 conservatione
655 1864 779 1929 huiusce
795 1868 924 1929 statuum
936 1862 1014 1947 juris
1031 1868 1062 1926 et
1077 1879 1218 1947 praeser-

41 1971 150 2035 ratione
165 1971 417 2057 Transsylsaniae
434 1972 471 2037 ab
487 1972 644 2039 arbitrario
664 1972 767 2038 domus
783 1971 956 2037 Austriacae
978 1972 1115 2037 dominio.
1154 1970 1219 2035 lam

42 2079 250 2145 nonobstante
268 2079 471 2165 indisputabili
487 2080 545 2145 isto
561 2085 690 2146 smmum
707 2080 947 2146 Transsiluaniae
968 2082 1038 2164 Jure
1052 2080 1102 2144 hic
1120 2084 1220 2143 umen

48 2186 174 2273 ordeolus
191 2190 349 2253 maximum
364 2188 552 2255 desideratae
567 2190 634 2274 paci
650 2189 835 2255 obstaculum
845 2190 986 2255 allatums
997 2189 1123 2255 uidetur.
1147 2188 1220 2271 Qria

46 2316 105 2361 uero
124 2299 194 2363 aula
210 2298 405 2365 Wienncusis
429 2299 555 2363 durante
583 2297 663 2364 bello
685 2298 742 2363 hoc
762 2299 892 2382 priuatas
907 2299 1004 2382 potius
1021 2299 1090 2362 lites
1106 2317 1174 2363 suas
1189 2298 1221 2361 in

42 2406 182 2490 llungaria
200 2412 231 2471 et
242 2408 323 2473 ltalia
339 2428 423 2493 quam
440 2428 559 2473 causam
570 2427 754 2473 communem
769 2408 934 2473 alliatorum
951 2408 1073 2479 curauit,
1089 2408 1220 2472 rationa-

41 2511 93 2579 lile
114 2522 178 2590 est,
204 2520 237 2583 ut
250 2517 415 2601 principatu
432 2516 536 2591 cedat,
560 2537 646 2602 quem
663 2516 741 2581 nullo
758 2517 876 2581 omnino
888 2518 958 2599 jure
974 2521 1113 2601 usurpat,
1129 2519 1163 2580 ut
1179 2535 1217 2579 eo

42 2625 199 2707 majoribus
215 2620 326 2691 uiribus
341 2626 538 2691 monarchiam
554 2627 741 2711 Hispanicam
753 2626 824 2709 jure
840 2624 897 2689 silui
913 2623 1042 2690 debitam
1058 2624 1217 2689 vendicare

44 2740 137 2814 queat,
154 2734 248 2819 idque
264 2740 346 2799 tanto
362 2736 467 2818 magis,
486 2734 563 2820 quod
574 2736 712 2817 jamtum
729 2753 806 2797 anno
822 2732 906 2797 1706
923 2738 1057 2818 tempore
1073 2737 1216 2798 tractatus

42 2839 248 2925 'l'prnarieusis
262 2844 445 2930 principatus
456 2842 693 2909 Transsilvaniae
705 2842 905 2906 serenissimo
918 2842 1048 2927 Principi
1063 2842 1100 2906 ab
1119 2844 1218 2927 lmpe·

42 2956 132 3017 rulore
159 2954 254 3019 luerit
280 2954 395 3018 oblatus
418 2952 501 3018 hisce
524 2951 638 3018 duabus
665 2951 902 3023 conditionibus,
930 2956 962 3016 ut
989 2951 1217 3018 confoederatos

45 3058 208 3144 llungariac
231 3066 324 3127 status
348 3061 506 3127 desereret
527 3066 616 3146 atque
640 3066 672 3125 ut
692 3080 782 3126 unum
806 3081 842 3125 ex
866 3061 1103 3126 Transsiluaniae
1124 3060 1219 3125 sorta-

43 3164 104 3231 litiis
126 3170 276 3255 praesidio
301 3172 446 3237 Caesareo
474 3172 580 3236 muniri
607 3175 770 3255 pateretur.
818 3170 975 3234 Tractatus
998 3171 1113 3234 futurae
1135 3168 1218 3252 pacis

44 3276 188 3343 exordium
210 3299 320 3363 capere
335 3285 438 3365 posset
460 3279 496 3345 ab
513 3280 684 3352 armistitio,
707 3280 792 3363 cujus
809 3279 910 3343 lavore
930 3279 1093 3362 Imperator
1117 3276 1217 3361 copias

44 3402 103 3448 suas
118 3388 268 3469 llungaria
289 3388 420 3455 educere
444 3394 548 3475 posset
570 3394 602 3454 ut
617 3388 680 3453 aliis
704 3389 735 3453 in
756 3388 831 3453 locis
853 3387 1077 3453 convenientius
1092 3386 1219 3450 militare

47 3501 154 3575 queant.

568 3643 626 3709 Nr.
643 3642 675 3708 3.

290 3784 395 3851 Medio
410 3786 455 3853 od
464 3788 688 3873 facilitundom
700 3788 961 3874 Nepotiationem.

131 3932 157 3996 l.
184 3932 224 3997 Ut
238 3931 381 4014 lleginam
396 3932 435 3996 ll.
453 3933 622 3997 Britanniae
635 3934 847 4017 parlamentum
863 3937 957 4018 petat,
974 3951 1030 4015 quo
1047 3932 1107 3996 Sua
1122 3930 1218 4015 llaJ'e·

51 4040 212 4106 susanne
223 4041 424 4125 praesentium
437 4042 698 4125 coniuncturarum
713 4043 923 4127 imperatorem
937 4046 1045 4123 urgeat
1059 4040 1097 4105 ad
1108 4040 1220 4103 media-

51 4142 149 4212 tionem
165 4150 414 4215 reassumendam.

128 4257 158 4321 2.
181 4258 222 4323 Ut
236 4257 349 4341 llegina
364 4278 468 4341 regem
485 4279 602 4345 quoque
617 4260 774 4344 Hispaniae
788 4258 924 4323 Corolum
940 4258 986 4323 lll.
1003 4262 1128 4330 moveat,
1144 4262 1177 4321 ut
1192 4257 1218 4322 is

52 4358 118 4430 lanc
132 4388 248 4433 eausam
264 4367 413 4434 Wieunac
428 4368 530 4435 itidem
544 4374 725 4454 promoveat.

129 4476 158 4539 3.
182 4478 222 4542 Ut
245 4477 359 4541 elector
381 4479 610 4544 llannoscranus
633 4477 712 4543 idem
735 4477 885 4544 Wiennae
915 4480 1021 4559 urgeat
1049 4480 1140 4560 utque
1169 4474 1219 4539 olii

57 4586 174 4649 eruanei
188 4586 316 4651 ministri
331 4585 428 4651 eidem
443 4588 711 4655 succenturieutur.
