<?xml version="1.0" encoding="UTF-8"?>
<!DOCTYPE html PUBLIC "-//W3C//DTD XHTML 1.0 Transitional//EN"
    "http://www.w3.org/TR/xhtml1/DTD/xhtml1-transitional.dtd">
<html xmlns="http://www.w3.org/1999/xhtml" xml:lang="en" lang="en">
 <head>
  <title>
</title>
<meta http-equiv="Content-Type" content="text/html;charset=utf-8" />
  <meta name='ocr-system' content='tesseract 3.04.00' />
  <meta name='ocr-capabilities' content='ocr_page ocr_carea ocr_par ocr_line ocrx_word'/>
</head>
<body>
  <div class='ocr_page' id='page_1' title='image "./fontesrerumaust22kommgoog_0120.png"; bbox 0 0 3117 5084; ppageno 0'>
   <div class='ocr_carea' id='block_1_1' title="bbox 1203 372 1254 442">
    <p class='ocr_par' dir='ltr' id='par_1_1' title="bbox 1203 372 1254 442">
     <span class='ocr_line' id='line_1_1' title="bbox 1203 372 1254 442; baseline 0 0"><span class='ocrx_word' id='word_1_1' title='bbox 1203 372 1254 442; x_wconf 78' lang='grc'>79</span> 
     </span>
    </p>
   </div>
   <div class='ocr_carea' id='block_1_2' title="bbox 32 542 1257 3890">
    <p class='ocr_par' dir='ltr' id='par_1_2' title="bbox 32 542 1257 2692">
     <span class='ocr_line' id='line_1_2' title="bbox 32 542 1255 629; baseline 0.003 -24"><span class='ocrx_word' id='word_1_2' title='bbox 32 545 211 608; x_wconf 92' lang='lat' dir='ltr'>nonnisi</span> <span class='ocrx_word' id='word_1_3' title='bbox 243 544 340 608; x_wconf 86' lang='lat' dir='ltr'>bene</span> <span class='ocrx_word' id='word_1_4' title='bbox 371 563 530 628; x_wconf 88' lang='lat' dir='ltr'>sperare</span> <span class='ocrx_word' id='word_1_5' title='bbox 558 542 735 626; x_wconf 85' lang='lat' dir='ltr'>jubemur</span> <span class='ocrx_word' id='word_1_6' title='bbox 766 565 809 608; x_wconf 84' lang='lat' dir='ltr'>ex</span> <span class='ocrx_word' id='word_1_7' title='bbox 835 545 1012 629; x_wconf 82' lang='lat' dir='ltr'><strong>ipsismet</strong></span> <span class='ocrx_word' id='word_1_8' title='bbox 1034 546 1255 610; x_wconf 85' lang='lat' dir='ltr'>rationibus</span> 
     </span>
     <span class='ocr_line' id='line_1_3' title="bbox 33 651 1255 719; baseline 0.003 -4"><span class='ocrx_word' id='word_1_9' title='bbox 33 673 51 715; x_wconf 87' lang='lat' dir='ltr'>a</span> <span class='ocrx_word' id='word_1_10' title='bbox 77 652 204 716; x_wconf 82' lang='lat' dir='ltr'>vobis</span> <span class='ocrx_word' id='word_1_11' title='bbox 228 652 361 716; x_wconf 90' lang='lat' dir='ltr'>illatis</span> <span class='ocrx_word' id='word_1_12' title='bbox 383 651 460 714; x_wconf 89' lang='lat' dir='ltr'>iter</span> <span class='ocrx_word' id='word_1_13' title='bbox 483 654 655 716; x_wconf 91' lang='lat' dir='ltr'>vestrum</span> <span class='ocrx_word' id='word_1_14' title='bbox 678 653 942 718; x_wconf 90' lang='lat' dir='ltr'>necessarium</span> <span class='ocrx_word' id='word_1_15' title='bbox 965 674 1053 718; x_wconf 91' lang='lat' dir='ltr'>esse</span> <span class='ocrx_word' id='word_1_16' title='bbox 1078 653 1255 719; x_wconf 87' lang='lat' dir='ltr'>decerni-</span> 
     </span>
     <span class='ocr_line' id='line_1_4' title="bbox 32 759 1255 844; baseline 0.004 -22"><span class='ocrx_word' id='word_1_17' title='bbox 32 781 120 825; x_wconf 85' lang='lat' dir='ltr'>mus</span> <span class='ocrx_word' id='word_1_18' title='bbox 148 763 218 827; x_wconf 83' lang='lat' dir='ltr'>vel</span> <span class='ocrx_word' id='word_1_19' title='bbox 245 759 400 824; x_wconf 84' lang='lat' dir='ltr'>maxime</span> <span class='ocrx_word' id='word_1_20' title='bbox 423 761 455 823; x_wconf 92' lang='lat' dir='ltr'>si</span> <span class='ocrx_word' id='word_1_21' title='bbox 480 759 629 844; x_wconf 90' lang='lat' dir='ltr'>quidem</span> <span class='ocrx_word' id='word_1_22' title='bbox 653 780 698 823; x_wconf 85' lang='lat' dir='ltr'>ex</span> <span class='ocrx_word' id='word_1_23' title='bbox 719 761 1094 827; x_wconf 84' lang='lat' dir='ltr'>annexisliterarum</span> <span class='ocrx_word' id='word_1_24' title='bbox 1118 762 1255 827; x_wconf 90' lang='lat' dir='ltr'>domini</span> 
     </span>
     <span class='ocr_line' id='line_1_5' title="bbox 32 867 1255 953; baseline 0.005 -22"><span class='ocrx_word' id='word_1_25' title='bbox 32 871 227 934; x_wconf 86' lang='lat' dir='ltr'>Bruninx</span> <span class='ocrx_word' id='word_1_26' title='bbox 252 870 379 953; x_wconf 93' lang='lat' dir='ltr'>copiis</span> <span class='ocrx_word' id='word_1_27' title='bbox 402 867 742 953; x_wconf 82' lang='lat' dir='ltr'>riderepoteritis</span> <span class='ocrx_word' id='word_1_28' title='bbox 766 871 896 934; x_wconf 86' lang='lat' dir='ltr'>aulae</span> <span class='ocrx_word' id='word_1_29' title='bbox 916 871 1142 936; x_wconf 79' lang='lat' dir='ltr'>viennensis</span> <span class='ocrx_word' id='word_1_30' title='bbox 1160 873 1255 937; x_wconf 86' lang='lat' dir='ltr'>lina·</span> 
     </span>
     <span class='ocr_line' id='line_1_6' title="bbox 33 978 1255 1065; baseline 0.003 -24"><span class='ocrx_word' id='word_1_31' title='bbox 33 979 115 1042; x_wconf 89' lang='lat' dir='ltr'>lem</span> <span class='ocrx_word' id='word_1_32' title='bbox 157 983 202 1046; x_wconf 85' lang='lat' dir='ltr'>ct</span> <span class='ocrx_word' id='word_1_33' title='bbox 236 978 462 1044; x_wconf 78' lang='lat' dir='ltr'>tirannicam</span> <span class='ocrx_word' id='word_1_34' title='bbox 493 978 778 1044; x_wconf 88' lang='lat' dir='ltr'>Resolutiouem</span> <span class='ocrx_word' id='word_1_35' title='bbox 808 979 852 1044; x_wconf 87' lang='lat' dir='ltr'>de</span> <span class='ocrx_word' id='word_1_36' title='bbox 891 999 960 1064; x_wconf 84' lang='lat' dir='ltr'>qua</span> <span class='ocrx_word' id='word_1_37' title='bbox 987 980 1135 1063; x_wconf 89' lang='lat' dir='ltr'>quidem</span> <span class='ocrx_word' id='word_1_38' title='bbox 1169 1002 1255 1065; x_wconf 93' lang='lat' dir='ltr'>pro-</span> 
     </span>
     <span class='ocr_line' id='line_1_7' title="bbox 34 1085 1256 1174; baseline 0.005 -26"><span class='ocrx_word' id='word_1_39' title='bbox 34 1087 162 1152; x_wconf 82' lang='lat' dir='ltr'>iecto</span> <span class='ocrx_word' id='word_1_40' title='bbox 194 1087 356 1150; x_wconf 88' lang='lat' dir='ltr'>nonita</span> <span class='ocrx_word' id='word_1_41' title='bbox 384 1085 564 1152; x_wconf 86' lang='lat' dir='ltr'>miremur</span> <span class='ocrx_word' id='word_1_42' title='bbox 587 1105 693 1169; x_wconf 88' lang='lat' dir='ltr'>quom</span> <span class='ocrx_word' id='word_1_43' title='bbox 720 1086 766 1152; x_wconf 91' lang='lat' dir='ltr'>de</span> <span class='ocrx_word' id='word_1_44' title='bbox 787 1088 958 1154; x_wconf 92' lang='lat' dir='ltr'>secundo</span> <span class='ocrx_word' id='word_1_45' title='bbox 981 1093 1122 1173; x_wconf 92' lang='lat' dir='ltr'>puncto</span> <span class='ocrx_word' id='word_1_46' title='bbox 1145 1110 1256 1174; x_wconf 88' lang='lat' dir='ltr'>prae·</span> 
     </span>
     <span class='ocr_line' id='line_1_8' title="bbox 37 1195 1255 1282; baseline 0.002 -22"><span class='ocrx_word' id='word_1_47' title='bbox 37 1198 222 1260; x_wconf 78' lang='lat' dir='ltr'>tatarum</span> <span class='ocrx_word' id='word_1_48' title='bbox 253 1196 453 1260; x_wconf 88' lang='lat' dir='ltr'>literarum</span> <span class='ocrx_word' id='word_1_49' title='bbox 489 1195 526 1260; x_wconf 93' lang='lat' dir='ltr'>in</span> <span class='ocrx_word' id='word_1_50' title='bbox 563 1215 632 1280; x_wconf 92' lang='lat' dir='ltr'>quo</span> <span class='ocrx_word' id='word_1_51' title='bbox 664 1196 890 1280; x_wconf 85' lang='lat' dir='ltr'>praedictus</span> <span class='ocrx_word' id='word_1_52' title='bbox 926 1196 1104 1264; x_wconf 81' lang='lat' dir='ltr'>minister</span> <span class='ocrx_word' id='word_1_53' title='bbox 1142 1219 1255 1282; x_wconf 92' lang='lat' dir='ltr'>nego·</span> 
     </span>
     <span class='ocr_line' id='line_1_9' title="bbox 36 1303 1256 1392; baseline 0.002 -24"><span class='ocrx_word' id='word_1_54' title='bbox 36 1305 238 1370; x_wconf 79' lang='lat' dir='ltr'>tintinnis</span> <span class='ocrx_word' id='word_1_55' title='bbox 267 1303 527 1368; x_wconf 89' lang='lat' dir='ltr'>tirnaniensis</span> <span class='ocrx_word' id='word_1_56' title='bbox 558 1309 754 1388; x_wconf 89' lang='lat' dir='ltr'>rupturam</span> <span class='ocrx_word' id='word_1_57' title='bbox 786 1304 896 1370; x_wconf 85' lang='lat' dir='ltr'>nobis</span> <span class='ocrx_word' id='word_1_58' title='bbox 927 1307 1092 1390; x_wconf 87' lang='lat' dir='ltr'>imputat</span> <span class='ocrx_word' id='word_1_59' title='bbox 1114 1306 1160 1372; x_wconf 91' lang='lat' dir='ltr'>de</span> <span class='ocrx_word' id='word_1_60' title='bbox 1185 1327 1256 1392; x_wconf 87' lang='lat' dir='ltr'>qua</span> 
     </span>
     <span class='ocr_line' id='line_1_10' title="bbox 38 1412 1256 1497; baseline 0.001 -19"><span class='ocrx_word' id='word_1_61' title='bbox 38 1419 142 1478; x_wconf 84' lang='lat' dir='ltr'>tnnc</span> <span class='ocrx_word' id='word_1_62' title='bbox 171 1412 554 1478; x_wconf 86' lang='lat' dir='ltr'>aulamviennensem</span> <span class='ocrx_word' id='word_1_63' title='bbox 578 1413 660 1476; x_wconf 91' lang='lat' dir='ltr'>sine</span> <span class='ocrx_word' id='word_1_64' title='bbox 684 1413 1256 1497; x_wconf 88' lang='lat' dir='ltr'>omnitergiuersationeaccu-</span> 
     </span>
     <span class='ocr_line' id='line_1_11' title="bbox 40 1521 1256 1605; baseline 0.002 -19"><span class='ocrx_word' id='word_1_65' title='bbox 40 1527 231 1587; x_wconf 87' lang='lat' dir='ltr'>sausrat.</span> <span class='ocrx_word' id='word_1_66' title='bbox 276 1521 386 1586; x_wconf 88' lang='lat' dir='ltr'>Unde</span> <span class='ocrx_word' id='word_1_67' title='bbox 414 1524 521 1605; x_wconf 88' lang='lat' dir='ltr'>petet</span> <span class='ocrx_word' id='word_1_68' title='bbox 547 1521 606 1584; x_wconf 83' lang='lat' dir='ltr'>vel</span> <span class='ocrx_word' id='word_1_69' title='bbox 637 1521 970 1586; x_wconf 79' lang='lat' dir='ltr'>continuationem</span> <span class='ocrx_word' id='word_1_70' title='bbox 997 1523 1256 1590; x_wconf 83' lang='lat' dir='ltr'>mediationis</span> 
     </span>
     <span class='ocr_line' id='line_1_12' title="bbox 42 1630 1256 1715; baseline 0.001 -21"><span class='ocrx_word' id='word_1_71' title='bbox 42 1631 255 1713; x_wconf 87' lang='lat' dir='ltr'>denegare</span> <span class='ocrx_word' id='word_1_72' title='bbox 278 1631 379 1696; x_wconf 85' lang='lat' dir='ltr'>vello</span> <span class='ocrx_word' id='word_1_73' title='bbox 402 1631 463 1696; x_wconf 84' lang='lat' dir='ltr'>vel</span> <span class='ocrx_word' id='word_1_74' title='bbox 480 1630 785 1694; x_wconf 76' lang='lat' dir='ltr'>instructionem</span> <span class='ocrx_word' id='word_1_75' title='bbox 808 1630 1256 1715; x_wconf 87' lang='lat' dir='ltr'>Principaliumsuorum</span> 
     </span>
     <span class='ocr_line' id='line_1_13' title="bbox 42 1738 1255 1823; baseline 0 -19"><span class='ocrx_word' id='word_1_76' title='bbox 42 1738 349 1822; x_wconf 88' lang='lat' dir='ltr'>segniussequi</span> <span class='ocrx_word' id='word_1_77' title='bbox 374 1744 414 1804; x_wconf 88' lang='lat' dir='ltr'>et</span> <span class='ocrx_word' id='word_1_78' title='bbox 437 1738 607 1821; x_wconf 84' lang='lat' dir='ltr'>quamvis</span> <span class='ocrx_word' id='word_1_79' title='bbox 632 1757 671 1802; x_wconf 91' lang='lat' dir='ltr'>se</span> <span class='ocrx_word' id='word_1_80' title='bbox 696 1738 1255 1823; x_wconf 84' lang='lat' dir='ltr'>omniapriretonominescri·</span> 
     </span>
     <span class='ocr_line' id='line_1_14' title="bbox 42 1846 1256 1932; baseline 0.002 -20"><span class='ocrx_word' id='word_1_81' title='bbox 42 1849 148 1912; x_wconf 86' lang='lat' dir='ltr'>bere</span> <span class='ocrx_word' id='word_1_82' title='bbox 174 1848 381 1929; x_wconf 79' lang='lat' dir='ltr'>significat</span> <span class='ocrx_word' id='word_1_83' title='bbox 404 1846 1256 1932; x_wconf 83' lang='lat' dir='ltr'>repraesentationemtemeneorumperros</span> 
     </span>
     <span class='ocr_line' id='line_1_15' title="bbox 44 1953 1257 2023; baseline 0 -1"><span class='ocrx_word' id='word_1_84' title='bbox 44 1955 322 2022; x_wconf 85' lang='lat' dir='ltr'>Generalibus</span> <span class='ocrx_word' id='word_1_85' title='bbox 339 1953 541 2020; x_wconf 90' lang='lat' dir='ltr'>ordinibus</span> <span class='ocrx_word' id='word_1_86' title='bbox 558 1954 719 2018; x_wconf 79' lang='lat' dir='ltr'>fiendam</span> <span class='ocrx_word' id='word_1_87' title='bbox 741 1974 878 2020; x_wconf 90' lang='lat' dir='ltr'>summe</span> <span class='ocrx_word' id='word_1_88' title='bbox 895 1958 1156 2023; x_wconf 87' lang='lat' dir='ltr'>necessariam</span> <span class='ocrx_word' id='word_1_89' title='bbox 1171 1978 1257 2022; x_wconf 85' lang='lat' dir='ltr'>csse</span> 
     </span>
     <span class='ocr_line' id='line_1_16' title="bbox 44 2063 1257 2147; baseline -0.001 -17"><span class='ocrx_word' id='word_1_90' title='bbox 44 2063 1257 2147; x_wconf 83' lang='lat' dir='ltr'>credimossperamusenimillospersvasosiriomnesinter-</span> 
     </span>
     <span class='ocr_line' id='line_1_17' title="bbox 45 2172 1256 2258; baseline 0 -20"><span class='ocrx_word' id='word_1_91' title='bbox 45 2174 294 2258; x_wconf 84' lang='lat' dir='ltr'>positiones</span> <span class='ocrx_word' id='word_1_92' title='bbox 331 2191 496 2256; x_wconf 86' lang='lat' dir='ltr'>quoquo</span> <span class='ocrx_word' id='word_1_93' title='bbox 528 2172 653 2238; x_wconf 91' lang='lat' dir='ltr'>modo</span> <span class='ocrx_word' id='word_1_94' title='bbox 683 2173 842 2238; x_wconf 87' lang='lat' dir='ltr'>fiendas</span> <span class='ocrx_word' id='word_1_95' title='bbox 871 2174 1015 2239; x_wconf 83' lang='lat' dir='ltr'>irritas</span> <span class='ocrx_word' id='word_1_96' title='bbox 1045 2173 1193 2240; x_wconf 83' lang='lat' dir='ltr'>futuras</span> <span class='ocrx_word' id='word_1_97' title='bbox 1223 2175 1256 2242; x_wconf 91' lang='lat' dir='ltr'>si</span> 
     </span>
     <span class='ocr_line' id='line_1_18' title="bbox 45 2279 1255 2367; baseline 0.001 -21"><span class='ocrx_word' id='word_1_98' title='bbox 45 2282 286 2366; x_wconf 88' lang='lat' dir='ltr'>potentiore</span> <span class='ocrx_word' id='word_1_99' title='bbox 309 2301 382 2346; x_wconf 93' lang='lat' dir='ltr'>non</span> <span class='ocrx_word' id='word_1_100' title='bbox 405 2280 554 2346; x_wconf 83' lang='lat' dir='ltr'>fuerint</span> <span class='ocrx_word' id='word_1_101' title='bbox 576 2279 749 2346; x_wconf 88' lang='lat' dir='ltr'>adhibita</span> <span class='ocrx_word' id='word_1_102' title='bbox 772 2281 892 2347; x_wconf 88' lang='lat' dir='ltr'>media</span> <span class='ocrx_word' id='word_1_103' title='bbox 909 2283 954 2347; x_wconf 91' lang='lat' dir='ltr'>de</span> <span class='ocrx_word' id='word_1_104' title='bbox 976 2281 1113 2366; x_wconf 88' lang='lat' dir='ltr'>quibus</span> <span class='ocrx_word' id='word_1_105' title='bbox 1135 2282 1255 2367; x_wconf 89' lang='lat' dir='ltr'>siqui·</span> 
     </span>
     <span class='ocr_line' id='line_1_19' title="bbox 47 2390 1256 2474; baseline 0.002 -20"><span class='ocrx_word' id='word_1_106' title='bbox 47 2391 140 2455; x_wconf 85' lang='lat' dir='ltr'>dem</span> <span class='ocrx_word' id='word_1_107' title='bbox 168 2390 323 2456; x_wconf 86' lang='lat' dir='ltr'>necdum</span> <span class='ocrx_word' id='word_1_108' title='bbox 346 2390 539 2474; x_wconf 79' lang='lat' dir='ltr'>positiras</span> <span class='ocrx_word' id='word_1_109' title='bbox 562 2391 850 2456; x_wconf 88' lang='lat' dir='ltr'>instructiones</span> <span class='ocrx_word' id='word_1_110' title='bbox 872 2391 1017 2474; x_wconf 90' lang='lat' dir='ltr'>legatis</span> <span class='ocrx_word' id='word_1_111' title='bbox 1039 2391 1145 2457; x_wconf 88' lang='lat' dir='ltr'>datos</span> <span class='ocrx_word' id='word_1_112' title='bbox 1168 2412 1256 2456; x_wconf 89' lang='lat' dir='ltr'>esse</span> 
     </span>
     <span class='ocr_line' id='line_1_20' title="bbox 47 2499 1255 2568; baseline 0.001 -4"><span class='ocrx_word' id='word_1_113' title='bbox 47 2499 293 2564; x_wconf 80' lang='lat' dir='ltr'>advertimus</span> <span class='ocrx_word' id='word_1_114' title='bbox 316 2500 469 2564; x_wconf 90' lang='lat' dir='ltr'>animum</span> <span class='ocrx_word' id='word_1_115' title='bbox 500 2502 667 2564; x_wconf 90' lang='lat' dir='ltr'>nostrum</span> <span class='ocrx_word' id='word_1_116' title='bbox 695 2499 793 2565; x_wconf 87' lang='lat' dir='ltr'>utad</span> <span class='ocrx_word' id='word_1_117' title='bbox 819 2501 950 2566; x_wconf 90' lang='lat' dir='ltr'>ultima</span> <span class='ocrx_word' id='word_1_118' title='bbox 976 2500 1141 2566; x_wconf 88' lang='lat' dir='ltr'>remedia</span> <span class='ocrx_word' id='word_1_119' title='bbox 1169 2520 1255 2568; x_wconf 92' lang='lat' dir='ltr'>con-</span> 
     </span>
     <span class='ocr_line' id='line_1_21' title="bbox 47 2607 1010 2692; baseline -0.005 -16"><span class='ocrx_word' id='word_1_120' title='bbox 47 2614 251 2676; x_wconf 77' lang='lat' dir='ltr'>vertamus</span> <span class='ocrx_word' id='word_1_121' title='bbox 273 2607 316 2672; x_wconf 89' lang='lat' dir='ltr'>ab</span> <span class='ocrx_word' id='word_1_122' title='bbox 338 2607 550 2689; x_wconf 82' lang='lat' dir='ltr'>adurgoute</span> <span class='ocrx_word' id='word_1_123' title='bbox 570 2608 810 2674; x_wconf 84' lang='lat' dir='ltr'>necessitato</span> <span class='ocrx_word' id='word_1_124' title='bbox 832 2610 1010 2692; x_wconf 84' lang='lat' dir='ltr'>cogimur.</span> 
     </span>
    </p>

    <p class='ocr_par' dir='ltr' id='par_1_3' title="bbox 48 2715 1255 3780">
     <span class='ocr_line' id='line_1_22' title="bbox 145 2715 1255 2802; baseline 0.002 -22"><span class='ocrx_word' id='word_1_125' title='bbox 145 2717 262 2799; x_wconf 78' lang='lat' dir='ltr'>Agite</span> <span class='ocrx_word' id='word_1_126' title='bbox 283 2716 444 2800; x_wconf 90' lang='lat' dir='ltr'>proinde</span> <span class='ocrx_word' id='word_1_127' title='bbox 466 2715 599 2781; x_wconf 90' lang='lat' dir='ltr'>sedulo</span> <span class='ocrx_word' id='word_1_128' title='bbox 623 2716 719 2802; x_wconf 86' lang='lat' dir='ltr'>quod</span> <span class='ocrx_word' id='word_1_129' title='bbox 740 2717 950 2784; x_wconf 84' lang='lat' dir='ltr'>fidelitatis</span> <span class='ocrx_word' id='word_1_130' title='bbox 972 2722 1010 2782; x_wconf 90' lang='lat' dir='ltr'>et</span> <span class='ocrx_word' id='word_1_131' title='bbox 1025 2715 1255 2800; x_wconf 81' lang='lat' dir='ltr'>diligentiae</span> 
     </span>
     <span class='ocr_line' id='line_1_23' title="bbox 48 2824 1254 2911; baseline -0.002 -19"><span class='ocrx_word' id='word_1_132' title='bbox 48 2833 215 2892; x_wconf 89' lang='lat' dir='ltr'>restrae</span> <span class='ocrx_word' id='word_1_133' title='bbox 237 2824 364 2890; x_wconf 78' lang='lat' dir='ltr'>oflicii</span> <span class='ocrx_word' id='word_1_134' title='bbox 386 2829 460 2896; x_wconf 88' lang='lat' dir='ltr'>est,</span> <span class='ocrx_word' id='word_1_135' title='bbox 489 2845 556 2890; x_wconf 93' lang='lat' dir='ltr'>nos</span> <span class='ocrx_word' id='word_1_136' title='bbox 583 2826 759 2909; x_wconf 85' lang='lat' dir='ltr'>prolecto</span> <span class='ocrx_word' id='word_1_137' title='bbox 782 2831 989 2911; x_wconf 89' lang='lat' dir='ltr'>propterea</span> <span class='ocrx_word' id='word_1_138' title='bbox 1014 2828 1254 2910; x_wconf 85' lang='lat' dir='ltr'>personalem</span> 
     </span>
     <span class='ocr_line' id='line_1_24' title="bbox 48 2932 1253 3019; baseline 0 -19"><span class='ocrx_word' id='word_1_139' title='bbox 48 2936 233 3001; x_wconf 90' lang='lat' dir='ltr'>hancce</span> <span class='ocrx_word' id='word_1_140' title='bbox 270 2932 552 3016; x_wconf 85' lang='lat' dir='ltr'>expeditionem</span> <span class='ocrx_word' id='word_1_141' title='bbox 589 2937 859 3019; x_wconf 87' lang='lat' dir='ltr'>assumpsimus</span> <span class='ocrx_word' id='word_1_142' title='bbox 890 2939 934 3000; x_wconf 91' lang='lat' dir='ltr'>nt</span> <span class='ocrx_word' id='word_1_143' title='bbox 965 2935 1253 3019; x_wconf 77' lang='lat' dir='ltr'>negotiationes</span> 
     </span>
     <span class='ocr_line' id='line_1_25' title="bbox 50 3042 1254 3128; baseline 0.002 -20"><span class='ocrx_word' id='word_1_144' title='bbox 50 3044 167 3110; x_wconf 84' lang='lat' dir='ltr'>robis</span> <span class='ocrx_word' id='word_1_145' title='bbox 183 3042 402 3108; x_wconf 87' lang='lat' dir='ltr'>commissas</span> <span class='ocrx_word' id='word_1_146' title='bbox 418 3042 531 3106; x_wconf 86' lang='lat' dir='ltr'>ermis</span> <span class='ocrx_word' id='word_1_147' title='bbox 549 3062 697 3127; x_wconf 86' lang='lat' dir='ltr'>quoque</span> <span class='ocrx_word' id='word_1_148' title='bbox 713 3044 1137 3110; x_wconf 84' lang='lat' dir='ltr'>secundarevaleaurus.</span> <span class='ocrx_word' id='word_1_149' title='bbox 1162 3046 1254 3128; x_wconf 84' lang='lat' dir='ltr'>Quia</span> 
     </span>
     <span class='ocr_line' id='line_1_26' title="bbox 50 3151 1252 3237; baseline 0 -21"><span class='ocrx_word' id='word_1_150' title='bbox 50 3173 144 3216; x_wconf 79' lang='lat' dir='ltr'>vero</span> <span class='ocrx_word' id='word_1_151' title='bbox 169 3151 329 3215; x_wconf 91' lang='lat' dir='ltr'>durante</span> <span class='ocrx_word' id='word_1_152' title='bbox 351 3151 470 3216; x_wconf 87' lang='lat' dir='ltr'>hocce</span> <span class='ocrx_word' id='word_1_153' title='bbox 492 3152 751 3235; x_wconf 84' lang='lat' dir='ltr'>expeditionis</span> <span class='ocrx_word' id='word_1_154' title='bbox 773 3158 946 3237; x_wconf 90' lang='lat' dir='ltr'>tempore</span> <span class='ocrx_word' id='word_1_155' title='bbox 967 3155 1112 3220; x_wconf 84' lang='lat' dir='ltr'>exteris</span> <span class='ocrx_word' id='word_1_156' title='bbox 1139 3173 1252 3236; x_wconf 90' lang='lat' dir='ltr'>nogo-</span> 
     </span>
     <span class='ocr_line' id='line_1_27' title="bbox 49 3260 1252 3357; baseline -0.002 -32"><span class='ocrx_word' id='word_1_157' title='bbox 49 3262 119 3326; x_wconf 90' lang='lat' dir='ltr'>tiis</span> <span class='ocrx_word' id='word_1_158' title='bbox 137 3262 325 3326; x_wconf 84' lang='lat' dir='ltr'>intantum</span> <span class='ocrx_word' id='word_1_159' title='bbox 342 3264 518 3344; x_wconf 86' lang='lat' dir='ltr'>quantum</span> <span class='ocrx_word' id='word_1_160' title='bbox 534 3260 719 3328; x_wconf 88' lang='lat' dir='ltr'>hactonus</span> <span class='ocrx_word' id='word_1_161' title='bbox 732 3261 1031 3357; x_wconf 78' lang='lat' dir='ltr'>vacrarominimo¹</span> <span class='ocrx_word' id='word_1_162' title='bbox 1044 3263 1252 3346; x_wconf 90' lang='lat' dir='ltr'>poterimus</span> 
     </span>
     <span class='ocr_line' id='line_1_28' title="bbox 50 3369 1252 3436; baseline 0 -2"><span class='ocrx_word' id='word_1_163' title='bbox 50 3372 94 3436; x_wconf 92' lang='lat' dir='ltr'>ad</span> <span class='ocrx_word' id='word_1_164' title='bbox 118 3371 448 3436; x_wconf 87' lang='lat' dir='ltr'>continuationem</span> <span class='ocrx_word' id='word_1_165' title='bbox 470 3390 596 3436; x_wconf 89' lang='lat' dir='ltr'>eorum</span> <span class='ocrx_word' id='word_1_166' title='bbox 617 3371 678 3436; x_wconf 92' lang='lat' dir='ltr'>hio</span> <span class='ocrx_word' id='word_1_167' title='bbox 701 3370 805 3436; x_wconf 87' lang='lat' dir='ltr'>circa</span> <span class='ocrx_word' id='word_1_168' title='bbox 831 3369 1043 3434; x_wconf 79' lang='lat' dir='ltr'>eossosiarn</span> <span class='ocrx_word' id='word_1_169' title='bbox 1070 3369 1252 3434; x_wconf 89' lang='lat' dir='ltr'>dominum</span> 
     </span>
     <span class='ocr_line' id='line_1_29' title="bbox 51 3479 1252 3565; baseline -0.002 -21"><span class='ocrx_word' id='word_1_170' title='bbox 51 3479 284 3544; x_wconf 87' lang='lat' dir='ltr'>Generalom</span> <span class='ocrx_word' id='word_1_171' title='bbox 305 3481 524 3565; x_wconf 83' lang='lat' dir='ltr'>Borcsenyi</span> <span class='ocrx_word' id='word_1_172' title='bbox 553 3480 875 3544; x_wconf 88' lang='lat' dir='ltr'>locumtenentem</span> <span class='ocrx_word' id='word_1_173' title='bbox 900 3482 1067 3544; x_wconf 86' lang='lat' dir='ltr'>nostrum</span> <span class='ocrx_word' id='word_1_174' title='bbox 1088 3479 1252 3562; x_wconf 87' lang='lat' dir='ltr'>reliqui-</span> 
     </span>
     <span class='ocr_line' id='line_1_30' title="bbox 52 3585 1252 3654; baseline 0 -3"><span class='ocrx_word' id='word_1_175' title='bbox 52 3608 132 3653; x_wconf 89' lang='lat' dir='ltr'>mus</span> <span class='ocrx_word' id='word_1_176' title='bbox 150 3589 257 3654; x_wconf 89' lang='lat' dir='ltr'>euios</span> <span class='ocrx_word' id='word_1_177' title='bbox 273 3588 442 3654; x_wconf 88' lang='lat' dir='ltr'>mandata</span> <span class='ocrx_word' id='word_1_178' title='bbox 460 3592 497 3652; x_wconf 92' lang='lat' dir='ltr'>et</span> <span class='ocrx_word' id='word_1_179' title='bbox 513 3587 716 3653; x_wconf 91' lang='lat' dir='ltr'>ordinesiu</span> <span class='ocrx_word' id='word_1_180' title='bbox 729 3587 899 3654; x_wconf 85' lang='lat' dir='ltr'>omnibus</span> <span class='ocrx_word' id='word_1_181' title='bbox 912 3585 1252 3654; x_wconf 82' lang='lat' dir='ltr'>obseruetisrobis</span> 
     </span>
     <span class='ocr_line' id='line_1_31' title="bbox 53 3697 426 3780; baseline 0.005 -20"><span class='ocrx_word' id='word_1_182' title='bbox 53 3698 158 3762; x_wconf 88' lang='lat' dir='ltr'>sorio</span> <span class='ocrx_word' id='word_1_183' title='bbox 184 3697 426 3780; x_wconf 88' lang='lat' dir='ltr'>injungimus.</span> 
     </span>
    </p>

    <p class='ocr_par' dir='ltr' id='par_1_4' title="bbox 144 3805 694 3890">
     <span class='ocr_line' id='line_1_32' title="bbox 144 3805 694 3890; baseline 0 -20"><span class='ocrx_word' id='word_1_184' title='bbox 144 3805 379 3872; x_wconf 81' lang='lat' dir='ltr'>Franciscus</span> <span class='ocrx_word' id='word_1_185' title='bbox 401 3807 585 3890; x_wconf 84' lang='lat' dir='ltr'>Princeps</span> <span class='ocrx_word' id='word_1_186' title='bbox 609 3825 647 3870; x_wconf 88' lang='lat' dir='ltr'>m.</span> <span class='ocrx_word' id='word_1_187' title='bbox 665 3825 694 3888; x_wconf 90' lang='lat' dir='ltr'>p.</span> 
     </span>
    </p>
   </div>
   <div class='ocr_carea' id='block_1_3' title="bbox 53 3931 1160 4066">
    <p class='ocr_par' dir='ltr' id='par_1_5' title="bbox 53 3931 1160 4066">
     <span class='ocr_line' id='line_1_33' title="bbox 53 3931 1160 4066; baseline -0.034 -40"><span class='ocrx_word' id='word_1_188' title='bbox 53 3985 205 4066; x_wconf 52' lang='lat' dir='ltr'>mergo</span> <span class='ocrx_word' id='word_1_189' title='bbox 654 3931 872 4014; x_wconf 85' lang='lat' dir='ltr'>Stephanus</span> <span class='ocrx_word' id='word_1_190' title='bbox 886 3931 1059 4014; x_wconf 83' lang='lat' dir='ltr'>llrucsay</span> <span class='ocrx_word' id='word_1_191' title='bbox 1073 3949 1112 3996; x_wconf 88' lang='lat' dir='ltr'>m.</span> <span class='ocrx_word' id='word_1_192' title='bbox 1130 3952 1160 4014; x_wconf 87' lang='lat' dir='ltr'>p.</span> 
     </span>
    </p>
   </div>
   <div class='ocr_carea' id='block_1_4' title="bbox 437 4057 752 4229">
    <p class='ocr_par' dir='ltr' id='par_1_6' title="bbox 437 4057 752 4229">
     <span class='ocr_line' id='line_1_34' title="bbox 551 4057 705 4121; baseline -0.006 -1"><span class='ocrx_word' id='word_1_193' title='bbox 551 4057 705 4121; x_wconf 81' lang='lat' dir='ltr'>lrlonsieur</span> 
     </span>
     <span class='ocr_line' id='line_1_35' title="bbox 437 4165 752 4229; baseline 0 -1"><span class='ocrx_word' id='word_1_194' title='bbox 437 4165 592 4229; x_wconf 90' lang='lat' dir='ltr'>lllonsieur</span> <span class='ocrx_word' id='word_1_195' title='bbox 612 4165 752 4229; x_wconf 88' lang='lat' dir='ltr'>Klement</span> 
     </span>
    </p>
   </div>
   <div class='ocr_carea' id='block_1_5' title="bbox 54 4313 924 4554">
    <p class='ocr_par' dir='ltr' id='par_1_7' title="bbox 54 4313 924 4554">
     <span class='ocr_line' id='line_1_36' title="bbox 643 4313 924 4444; baseline 0.007 -2"><span class='ocrx_word' id='word_1_196' title='bbox 643 4313 659 4353; x_wconf 51' lang='lat' dir='ltr'>d</span> <span class='ocrx_word' id='word_1_197' title='bbox 811 4381 924 4444; x_wconf 88' lang='lat' dir='ltr'>Berlin.</span> 
     </span>
     <span class='ocr_line' id='line_1_37' title="bbox 54 4467 682 4554; baseline 0.002 -21"><span class='ocrx_word' id='word_1_198' title='bbox 54 4475 326 4554; x_wconf 85' lang='lat' dir='ltr'>praesentatae</span> <span class='ocrx_word' id='word_1_199' title='bbox 349 4467 380 4532; x_wconf 82' lang='lat'>4.</span> <span class='ocrx_word' id='word_1_200' title='bbox 398 4469 542 4554; x_wconf 77' lang='lat' dir='ltr'>Aprilis</span> <span class='ocrx_word' id='word_1_201' title='bbox 567 4469 682 4534; x_wconf 77' lang='grc'><strong>1710.</strong></span> 
     </span>
    </p>
   </div>
   <div class='ocr_carea' id='block_1_6' title="bbox 90 4575 255 4648">
    <p class='ocr_par' dir='ltr' id='par_1_8' title="bbox 90 4575 255 4648">
     <span class='ocr_line' id='line_1_38' title="bbox 90 4575 255 4648; baseline -0.024 1"><span class='ocrx_word' id='word_1_202' title='bbox 90 4575 255 4648; x_wconf 67' lang='lat' dir='ltr'>toarno)</span> 
     </span>
    </p>
   </div>
   <div class='ocr_carea' id='block_1_7' title="bbox 0 0 1592 5084">
    <p class='ocr_par' dir='ltr' id='par_1_9' title="bbox 0 0 1592 5084">
     <span class='ocr_line' id='line_1_39' title="bbox 0 0 1592 5084; baseline 0 0"><span class='ocrx_word' id='word_1_203' title='bbox 0 0 1592 5084; x_wconf 95' lang='lat' dir='ltr'> </span> 
     </span>
    </p>
   </div>
  </div>
 </body>
</html>
