3117 5084
283 335 356 408 1110

277 511 410 584 certain;
438 510 512 574 mais
535 511 556 573 il
573 531 611 574 ne
633 509 788 576 s'ensvive
805 532 859 596 pas
877 529 990 575 encore
1013 531 1071 596 qve
1095 508 1399 574 i'aeoommodement
1424 512 1475 572 est

276 620 339 683 fait.
370 619 477 682 Miiord
494 618 724 701 Peterborougb
740 638 850 703 espere
867 625 1010 703 pourtant
1025 619 1063 683 de
1079 619 1195 682 reussir
1210 617 1291 682 aussi
1303 617 1372 680 bien
1389 636 1407 678 a
1423 622 1475 680 eet

278 727 371 809 egard
399 726 464 811 qv'a
487 729 565 792 cetui
588 729 642 792 des
658 727 815 792 differents
831 745 905 792 aveo
921 729 950 792 le
966 729 1026 793 due
1046 727 1085 792 de
1101 727 1221 792 savoie.
1259 726 1316 790 nr.
1339 724 1476 808 d'Urbig

275 841 323 901 est
337 837 416 921 parti
433 835 622 919 aujourdhui.

846 1031 901 1096 75.

415 1177 641 1244 Sebreiben
664 1177 730 1241 des
753 1176 861 1242 sobe
883 1177 1058 1240 Brenner
1080 1196 1124 1239 an
1147 1173 1336 1240 Kiement.

506 1301 775 1384 Konigsberg‚
801 1321 846 1365 oe
867 1303 921 1366 26.
946 1301 1109 1366 Farrier
1135 1301 1230 1365 1711.

560 1429 722 1494 Praesent.
740 1428 773 1493 3.
791 1427 906 1493 Martii
919 1425 1018 1492 1711.
1043 1428 1197 1496 Deretini.

429 1591 629 1656 Perittsotris
643 1611 683 1656 oc
700 1591 860 1656 Generosi
874 1592 1010 1656 Domine
1021 1589 1102 1656 mibi
1119 1592 1433 1662 observandissime!

368 1703 497 1765 Tantum
520 1701 666 1766 moeroris
692 1721 728 1764 ex
752 1700 880 1784 epistola
902 1699 935 1764 P.
952 1720 989 1764 ao
1004 1699 1041 1764 G.
1059 1702 1096 1766 D.
1109 1702 1145 1765 V.
1165 1703 1216 1767 17.
1238 1701 1330 1766 Febr.
1354 1710 1477 1769 exarata

282 1817 314 1874 et
329 1809 428 1874 morbi
443 1810 489 1873 sui
505 1814 586 1874 teste
608 1810 741 1893 accepi..
753 1815 895 1894 quantum
917 1825 954 1871 ex
975 1809 1078 1892 priore
1099 1811 1197 1874 solatii
1219 1816 1251 1875 et
1270 1812 1475 1894 gratitudinis,

275 1924 381 2003 utpote
395 1937 472 2003 quae
485 1916 710 1981 demonstrabat
723 1937 809 2001 quam
823 1919 944 1982 sineere
954 1918 986 1979 in
997 1936 1032 1980 re
1044 1937 1110 1982 mea
1125 1918 1299 1984 allaboravit
1304 1940 1313 1994 ;
1330 1939 1400 1984 eum
1412 1923 1476 2005 jam

275 2028 394 2090 omnino
422 2046 478 2109 per
503 2025 660 2090 Dominum
687 2026 783 2090 Hesse
809 2025 906 2110 probe
933 2024 1119 2089 satisfactum
1139 2028 1189 2091 sit.
1232 2027 1352 2091 Utinam
1373 2034 1475 2092 tamen

249 2217 254 2230 .
275 2136 368 2200 Craro
386 2134 482 2198 adhue
494 2133 675 2217 Peterburgi
692 2134 840 2198 existente
856 2134 985 2199 solutum
997 2134 1116 2207 fuisset,
1128 2155 1168 2198 ne
1179 2140 1238 2199 tam
1250 2134 1340 2200 dubio
1352 2142 1474 2222 nmque

274 2243 445 2328 periculoso
461 2242 571 2306 itinere
588 2243 691 2324 vagari
707 2261 848 2326 cogerer.
879 2242 1005 2326 iamper
1027 2263 1063 2306 ex
1087 2243 1145 2306 bae
1160 2245 1253 2327 prima
1266 2263 1350 2306 mora
1366 2265 1474 2309 rursus

275 2353 435 2424 aliatluxit,
449 2349 589 2436 eoquod
605 2351 709 2433 Rigam
726 2350 862 2434 quolibet
876 2371 966 2433 passo
982 2351 1114 2415 munitos
1129 2353 1290 2435 pervenire
1306 2355 1474 2435 potuissem

274 2461 335 2545 jam
350 2478 435 2531 vero,
452 2459 489 2523 ab
505 2460 571 2542 ipso
585 2458 680 2522 Cnaro
697 2459 771 2521 atius
789 2458 1055 2541 expectandossit,
1067 2462 1101 2523 ut
1112 2479 1179 2523 eum
1192 2459 1336 2525 Comitina
1347 2463 1476 2548 aliisque

275 2569 457 2632 necessariis
473 2587 530 2653 per
540 2568 727 2632 Litboaniam
742 2566 929 2651 protieisear,
945 2567 1014 2631 dum
1030 2587 1104 2650 ergo
1121 2567 1201 2632 hune
1212 2589 1229 2631 a
1240 2567 1368 2634 Domino
1383 2571 1473 2635 d'iir-

275 2677 359 2749 bair.
384 2677 557 2741 Serretario
579 2676 695 2742 Gallico
716 2677 880 2760 Principis,
903 2678 935 2738 in
957 2678 1031 2740 Aula
1056 2675 1169 2740 czarea
1192 2677 1412 2744 existentem!
1435 2680 1472 2742 ab

277 2785 311 2850 E.
328 2787 364 2850 D.
382 2786 415 2849 C.
432 2787 588 2870 Berosany
604 2789 731 2869 expecto
755 2790 863 2868 potero
882 2784 979 2849 adhue
993 2786 1026 2848 P.
1044 2784 1081 2848 D.
1098 2785 1134 2848 V.
1151 2783 1310 2848 uberiores
1325 2786 1365 2850 de
1380 2787 1473 2851 rebus

276 2894 388 2958 nostris
403 2893 628 2958 informationes
644 2893 797 2977 excipere,
814 2893 970 2958 dummodo
982 2893 1065 2956 Deus
1079 2892 1216 2976 Optimus
1228 2893 1373 2958 Maximus
1389 2897 1473 2959 vale·

277 3001 409 3067 tudinem
431 3001 594 3076 concedat,
618 3000 675 3086 qui
705 3001 830 3066 ulterius
853 3021 973 3086 quoque
994 3001 1113 3066 Patriae
1135 3007 1167 3066 et
1191 3002 1294 3065 amieis
1323 3002 1472 3087 prodesse

276 3111 383 3195 possit.

367 3217 547 3282 Memoratus
562 3219 597 3282 li.
615 3219 650 3280 D.
669 3218 892 3281 Locumtenens
902 3217 934 3279 iu
946 3217 1008 3281 suis
1020 3217 1059 3281 de
1073 3218 1126 3282 31.
1140 3217 1272 3282 Januarii
1283 3219 1473 3284 Jarosiariae

278 3325 355 3390 datis
378 3327 487 3390 asserit
508 3344 543 3389 se
566 3326 684 3389 omnino
701 3325 906 3390 decessorum
922 3345 993 3390 esso
1008 3332 1040 3390 et
1055 3326 1202 3412 siqnidem
1218 3347 1278 3392 nou
1294 3326 1400 3392 dubito
1416 3327 1474 3393 boe

277 3435 385 3500 eodem
406 3436 575 3519 posteriore
602 3455 707 3499 mense
731 3435 859 3499 eundem
884 3436 1001 3500 titteras
1024 3436 1166 3520 quasdam
1193 3455 1277 3500 meas
1303 3438 1473 3522 accepisse,

279 3563 357 3629 quae
373 3561 449 3607 novo
465 3543 654 3608 accelerandi
670 3543 788 3607 itineris
806 3548 891 3608 erant
906 3543 1101 3627 argomentb;
1123 3541 1194 3608 hine
1211 3545 1305 3608 satius
1320 3565 1393 3609 esse
1409 3547 1474 3609 exi-

279 3653 366 3715 stimo
388 3657 421 3715 ut
444 3652 561 3717 litteras
577 3651 613 3716 ad
630 3652 757 3716 eundem
775 3651 888 3716 dandas
908 3654 979 3716 mihi
1003 3654 1036 3718 P.
1059 3653 1096 3717 D.
1115 3653 1149 3718 V.
1172 3653 1371 3725 transmittat,
1396 3653 1473 3718 dabo

279 3779 420 3844 operam,
450 3765 483 3825 ut
511 3781 567 3824 una
591 3779 659 3824 cum
679 3761 754 3824 meis
777 3761 931 3826 Mosouam
951 3767 1095 3846 pergant;
1117 3766 1187 3846 post
1206 3760 1377 3827 discessum
1400 3783 1473 3827 vero

280 3887 388 3942 meum,
405 3869 442 3932 de
459 3887 517 3953 quo
533 3888 657 3932 monere
674 3889 731 3932 non
748 3871 994 3954 praetermittam.
1011 3869 1089 3935 sciet
1104 3870 1249 3934 Dominus
1261 3871 1324 3934 An:
1348 3869 1474 3935 Submid

280 3996 338 4062 quo
353 3981 479 4040 eatenus
495 3976 627 4060 dirigere
644 3976 763 4043 debeat.

370 4084 506 4167 Vigilabo
523 4092 556 4150 ut
571 4103 677 4151 cursor
688 4087 707 4150 b
718 4087 751 4151 P.
764 4087 801 4151 D.
812 4085 846 4152 V.
860 4086 1022 4151 mittendus
1034 4106 1116 4150 meas
1127 4086 1217 4150 etiam
1228 4087 1345 4151 litteras
1358 4085 1477 4150 Godani

280 4193 358 4278 apud
374 4195 411 4258 D.
430 4193 553 4258 Schmid
568 4195 726 4278 reperiens
743 4215 847 4258 seeum
863 4195 990 4259 deferat.

370 4302 430 4366 Per
451 4303 580 4367 eundem
601 4305 637 4366 D.
655 4305 716 4366 An:
748 4302 870 4368 Sebmid
892 4303 1059 4367 litterarum
1083 4303 1164 4367 inter
1183 4321 1240 4366 nos
1256 4301 1476 4367 commentum

280 4411 395 4476 institui
418 4417 448 4475 et
467 4413 550 4493 juxta
572 4412 799 4476 instrootionem
820 4411 838 4474 b
859 4430 907 4472 mn
924 4410 987 4493 jam
1009 4409 1107 4473 eidem
1126 4410 1278 4481 relictam,
1294 4409 1476 4475 interteueri

279 4526 437 4604 poterunt,
462 4520 659 4586 Kortholdius
686 4520 809 4605 genium
832 4537 918 4583 sunm
941 4518 1044 4583 dietim
1067 4515 1196 4602 pertinit.
1234 4519 1331 4601 Rigae
1357 4519 1476 4592 bremt,
