3117 5084
292 353 371 433 tuo

289 530 453 602 Palatinum
469 528 507 601 in,
517 526 654 603 omnibns
670 527 839 609 bawariae
856 527 1049 607 Comitatibns
1063 528 1201 607 Cannium
1216 528 1418 606 bncbidncem
1433 550 1481 613 pro

290 642 376 722 Rege
386 638 705 721 promndgassecontnn
713 636 943 719 manifestajurn
957 642 988 704 et
1000 638 1155 705 libertates
1162 640 1258 721 Regni
1272 658 1350 722 quae
1362 640 1482 703 similem

290 748 559 833 promulgationem
570 744 703 829 pascatis
714 744 841 829 primum
853 745 1003 820 animisin
1020 747 1182 827 uniuersali
1196 748 1274 820 dieta
1291 747 1360 815 lieri
1375 747 1483 821 debono

290 854 501 941 praescribunt
513 859 545 920 et
554 855 686 938 ipsemet
700 854 845 922 articulus
856 850 914 922 2⁴²·
935 854 1238 927 dietaePosoniensis
1254 856 1323 924 anni
1342 856 1430 928 test
1440 857 1486 921 bin

289 964 448 1049 copiatiter
462 983 596 1038 ennmno
611 962 752 1046 quidnam
765 951 955 1046 praescribat
970 964 1037 1032 fieri
1052 964 1166 1032 debere
1182 970 1252 1034 ante
1270 965 1486 1048 promndgatio-

289 1093 359 1152 uem
375 1078 409 1145 ct
422 1071 605 1156 agnitionem
620 1071 703 1154 regis
716 1070 837 1150 abunde
854 1071 957 1152 videre
975 1079 1132 1156 poterunt,
1150 1078 1317 1157 agnoscent
1329 1094 1487 1157 speramns

291 1185 327 1255 ii,
353 1183 491 1268 quisine
516 1181 700 1264 praejudicio
723 1201 795 1244 sana
819 1161 1004 1257 conscientia
1018 1181 1066 1250 ,dn
1089 1181 1181 1251 rebus
1210 1184 1323 1251 nosne
1348 1183 1487 1266 judicare

290 1279 439 1359 noluerint
459 1313 514 1355 nos
538 1310 645 1375 regem
666 1296 750 1368 entra
773 1290 1119 1377 dietempremnlgnbnnn
1135 1312 1194 1366 non
1211 1293 1347 1377 deposito
1365 1294 1487 1378 praevio

289 1401 377 1467 modo
401 1404 572 1485 jerannento
600 1418 769 1482 agnoscere
797 1419 858 1463 non
884 1420 975 1484 posse
1006 1402 1072 1465 sine
1099 1402 1183 1467 totali
1206 1404 1292 1467 ruina
1315 1403 1486 1468 libertatern

291 1516 471 1604 nostrarum,
484 1528 562 1593 qnae
575 1508 711 1593 profemo
723 1528 779 1592 per
791 1506 1009 1574 haereditariae
1025 1511 1227 1575 successionis
1244 1511 1487 1594 praesensionem

290 1625 321 1685 et
343 1640 382 1685 ne
406 1619 468 1683 fors
492 1620 581 1683 etiam
601 1618 730 1714 suturam
751 1618 935 1715 agnitionem
956 1620 994 1686 in·
1008 1625 1121 1704 tanatum
1144 1641 1203 1696 non
1228 1620 1425 1709 laederentur
1440 1626 1487 1685 aul

287 1729 522 1796 annihilarentur
537 1746 624 1813 qnam
639 1748 697 1813 per
713 1733 811 1793 actum
827 1728 907 1809 hpnc
915 1749 977 1815 per
992 1748 1083 1817 quem
1097 1728 1163 1817 luni
1185 1750 1238 1814 sno
1255 1729 1391 1818 Regibus
1415 1750 1487 1795 cou-

289 1839 418 1903 ditiones
435 1835 662 1919 praescribendi
679 1840 711 1899 et
725 1836 793 1899 illos
815 1856 908 1925 snper
931 1856 982 1903 eas
1005 1815 1162 1921 adjuvandi
1185 1836 1310 1903 cederet
1330 1840 1430 1911 natio,
1454 1858 1487 1905 ac

192 2033 195 2040 Ι
289 1945 1486 2037 proindeCzaroMoscoriaeetRegePoloniaromhicesistentibnsReipublicae

289 2057 418 2121 Polonae
430 2056 461 2117 in
474 2056 603 2119 Senatus
618 2054 792 2127 Consultum
805 2059 986 2119 convocatae
998 2076 1053 2118 sno
1066 2056 1153 2120 modo
1166 2047 1325 2119 institimus
1343 2061 1377 2119 nt
1393 2076 1485 2141 opere

287 2165 475 2229 mediationis
498 2167 686 2246 reassumpto
709 2162 942 2227 declarationem
971 2170 1102 2229 nostram
1129 2184 1185 2254 pro
1206 2166 1289 2255 justa
1317 2184 1485 2249 agnosoem

288 2276 381 2341 velint
396 2294 454 2357 qna
469 2272 620 2337 mediante
636 2291 691 2335 nos
707 2270 745 2334 ab
760 2271 924 2336 inimicitiis
941 2272 1089 2337 desistere
1106 2274 1183 2337 velle
1199 2273 1383 2369 affidarirnns
1401 2276 1439 2341 ad
1458 2275 1484 2338 id

289 2403 385 2470 nsque
399 2389 517 2467 tempus
533 2382 630 2446 donee
646 2380 802 2444 libertates
819 2387 851 2443 et
865 2382 951 2469 loges
968 2387 1085 2445 nosbas
1102 2381 1140 2445 de
1157 2400 1232 2446 novo
1256 2382 1333 2445 laedi
1356 2384 1484 2468 publicis

288 2493 403 2558 actibus
420 2496 605 2574 compertum
621 2509 682 2553 non
697 2489 789 2553 luerit
805 2489 1031 2575 appromisimns
1048 2494 1205 2598 praeterea
1222 2510 1276 2555 nos
1298 2491 1330 2555 in
1350 2494 1484 2577 promul·

287 2601 385 2685 ganda
400 2599 495 2663 libera
512 2595 591 2662 diela
607 2596 707 2661 bnbita
723 2594 893 2661 sufficiente
908 2587 1071 2662 securitate
1087 2600 1133 2661 rel
1150 2600 1351 2681 personaliter·
1366 2602 1415 2664 rel
1431 2621 1485 2686 per

288 2708 568 2792 Plenipotentiarios
589 2712 709 2771 nostros
731 2699 909 2789 comparere
923 2690 1002 2771 nelle
1019 2710 1050 2770 et
1066 2712 1133 2771 etim
1149 2724 1203 2790 pro
1220 2709 1304 2789 Rege
1328 2710 1484 2791 agnituros

288 2820 340 2904 qni
349 2818 492 2901 legaliter
500 2818 664 2900 agnitunet
674 2820 837 2881 coronabis
849 2815 1045 2900 meritEiqtne
1054 2816 1260 2881 tomorum
1273 2818 1483 2899 praestituros.

285 2928 429 2993 Petiinnns
445 2925 572 3010 proinde
587 2928 621 2989 nt
635 2924 694 2989 bec
705 2927 811 2990 nostm
826 2924 1122 2989 declaratioeesaeta
1137 2944 1242 2989 amnes
1262 2925 1296 2988 in
1312 2925 1483 2991 Contende·

282 3036 403 3103 rodone
426 3039 530 3102 amba
546 3042 780 3119 perseverantes
805 3034 1003 3099 nesbtnnntnr
1023 3035 1053 3099 in
1068 3035 1266 3117 integrumet
1280 3034 1365 3099 Bona
1381 3040 1482 3100 nostr

285 3147 404 3213 interea
436 3161 557 3230 quoqne
586 3161 642 3226 pro
673 3142 839 3209 securitate
869 3144 1067 3207 Personarum
1103 3149 1270 3207 nostrarum
1300 3145 1330 3206 in
1362 3146 1483 3209 Pelori·

284 3256 437 3339 degentes
460 3252 623 3339 possidere
650 3252 805 3317 valeamus·
824 3252 988 3318 institimus
1014 3258 1103 3336 proni
1128 3252 1242 3317 dietum
1266 3258 1299 3315 ut
1324 3254 1482 3317 mame

284 3384 377 3448 snpra
392 3367 585 3434 memoratae.
596 3361 673 3426 baec
694 3359 860 3425 suessae
878 3360 971 3425 velint
987 3380 1063 3443 quae
1079 3361 1269 3444 exonerando
1283 3362 1348 3425 suis
1364 3380 1483 3447 quoqne

284 3470 430 3538 ministris
447 3470 644 3536 comiserunt.
659 3472 691 3534 et
712 3468 906 3533 securitatem
930 3474 1060 3535 nostram
1076 3468 1221 3553 Paoisqne
1243 3469 1483 3533 uonra’lirrtionem

285 3580 626 3665 Respublicaespresso
639 3578 770 3642 Senatus
787 3576 917 3643 consulti
928 3581 1038 3665 statuto¹
1050 3577 1156 3641 esurit.
1179 3577 1224 3641 En
1235 3576 1377 3659 adjuncta
1387 3578 1484 3643 literis

284 3688 496 3771 restriscopin
506 3688 662 3754 literanum
674 3685 866 3752 Generalinm
879 3684 1016 3751 ordinum
1028 3684 1134 3751 uiduae
1145 3686 1330 3769 Imperatriei
1343 3687 1485 3769 regnanb'

284 3802 464 3883 ratimarum
484 3797 622 3880 prolecto
651 3801 698 3859 eat
724 3795 864 3860 dolenter
891 3794 1017 3861 uidimus
1043 3797 1272 3879 praecipitatam
1298 3796 1483 3878 agnitionem

283 3908 460 3977 meumes
482 3926 540 3989 pro
563 3906 650 3987 Rege
673 3904 844 3987 linngnrine
872 3902 922 3969 nisi
950 3905 1049 3987 potius
1074 3922 1283 3988 sperassemus
1310 3910 1484 3987 praeseus

284 4020 407 4086 ordinm
428 4021 571 4100 peraeta
592 4014 779 4081 mediationis
804 4022 835 4079 et
850 4014 1090 4096 negotiationum
1106 4014 1352 4097 'l'pnnanionnsinm
1372 4016 1484 4079 semem

284 4129 402 4195 abunde
419 4126 594 4192 informatos
611 4144 683 4188 esse
697 4123 840 4189 debuisse
857 4123 917 4189 Eos
934 4123 1095 4205 liegemin
1111 4123 1263 4205 llnngnria
1285 4124 1352 4185 sine
1374 4122 1484 4187 absen-

284 4239 404 4303 rntione
429 4236 661 4319 praemissorum
688 4232 908 4313 promulgatum
939 4248 995 4314 pro
1031 4230 1263 4314 aequanimitate
1295 4229 1484 4295 mesliafioois

283 4369 356 4415 snae
382 4364 554 4429 ngnoscere
569 4362 638 4411 ‚nono
666 4341 816 4423 potuuse,
844 4339 1039 4424 sperabamus
1063 4340 1141 4403 enim
1166 4360 1221 4403 eos
1243 4339 1485 4403 bremensium

283 4472 391 4523 usuros
406 4456 443 4520 od
460 4452 680 4519 restitutionem
692 4449 861 4537 libertatern
876 4452 1042 4513 nostratum
1056 4448 1084 4511 in
1097 4446 1204 4531 quibus
1217 4450 1484 4511 nos-manutenere

283 4568 361 4633 nelle
376 4564 497 4644 saepire
513 4560 759 4644 appronriseruot
771 4578 829 4624 nnec
844 4556 978 4627 medinm
989 4556 1096 4625 erens
1108 4556 1272 4623 adnrmtn
1286 4556 1434 4638 noussen
1446 4556 1483 4621 ad
