3117 5084
1177 339 1252 410 169

60 536 114 598 pro
129 534 228 598 regno
245 512 428 586 effectuabit
445 532 593 597 nunquam
610 512 684 576 alius
702 510 851 596 qvidpiam
873 512 995 577 efficiet.
1026 512 1112 579 Nune
1134 518 1258 599 praeter

60 625 115 688 alia
132 645 209 687 nora
226 644 301 709 qrae
317 624 349 686 in
365 626 500 686 extracto
520 621 572 686 bic
588 622 687 706 posito
703 620 742 685 de
758 620 936 685 tractatibus
952 620 983 685 in
1000 623 1151 706 Hungaria
1168 644 1259 708 repe-

58 736 185 806 riuntur,
201 735 273 798 nibil
290 733 370 798 aliud
386 732 423 797 ab
440 733 551 817 aliquot
566 733 662 815 postis
678 731 832 803 babemus,
850 735 882 795 et
898 737 1023 797 euentus
1044 732 1166 797 docebit
1189 734 1258 819 qvid

58 844 122 907 aula
145 842 185 905 ad
206 843 366 907 reiteratas
382 842 573 922 Peterburgii
588 840 744 904 instantias
765 842 936 905 resolutum
953 847 1003 906 aut
1020 843 1088 926 quid
1104 843 1154 907 ille
1171 842 1257 907 uobis

58 953 282 1035 perscripturus
298 958 349 1015 aut
365 950 494 1034 denique
511 949 581 1033 quid
593 950 627 1013 S.
640 949 676 1015 V.
690 949 729 1012 de
745 950 782 1013 iis
800 970 875 1034 qvae
890 950 949 1015 boc
964 951 995 1013 in
1011 970 1101 1035 passu
1118 958 1184 1016 acta
1197 953 1258 1016 sint

58 1060 274 1143 benignissime
285 1061 492 1144 perscriptum
507 1059 564 1132 sit;
580 1059 647 1123 Non
664 1078 786 1143 possum
803 1080 863 1123 uon
877 1062 946 1143 quin
958 1062 990 1125 S.
1004 1061 1040 1126 V.
1053 1060 1258 1125 sinceritatem

58 1170 137 1233 illam
153 1189 240 1253 quam
255 1169 363 1233 blilord
378 1168 452 1233 Rubi
476 1170 509 1231 in
533 1169 613 1232 omni
629 1186 719 1232 cursu
735 1168 983 1249 negociaoionum
1003 1169 1108 1233 barum
1130 1174 1257 1235 testatus

58 1284 121 1350 est,
144 1278 475 1363 bumillime'aperiam.
514 1277 667 1360 lsrigore
692 1275 830 1340 ordinum
852 1278 978 1359 reginae
1000 1298 1071 1341 suae
1087 1279 1172 1343 aulae
1188 1278 1258 1345 buic

56 1386 230 1452 valedicens
246 1406 303 1450 ceu
318 1384 511 1450 ambassador
526 1384 778 1449 extraordinarius
796 1386 876 1449 etad
893 1390 1052 1451 tractatum
1072 1388 1155 1470 pacis
1175 1387 1257 1451 desi·

57 1501 165 1578 gnatus
182 1495 295 1578 primus
311 1494 591 1578 plenipotentiarius
608 1495 721 1576 Hagam
743 1495 885 1558 comitum
905 1495 1023 1559 noviter
1045 1496 1077 1558 in
1100 1494 1182 1559 abitu
1209 1515 1258 1561 me

59 1604 154 1685 petiit,
171 1608 206 1666 ut
221 1602 253 1667 S.
267 1602 302 1666 V.
320 1603 440 1666 nomine
456 1623 510 1665 suo
526 1602 623 1685 primo
640 1600 759 1687 quidem
776 1602 894 1667 debitas
914 1605 1131 1687 respectusque
1153 1604 1257 1688 plenas

58 1732 111 1794 pro
129 1718 191 1775 mun
204 1711 338 1775 bumanis
351 1716 383 1776 et
394 1711 548 1775 benevolis
561 1712 670 1775 litteris
682 1731 768 1794 agam
780 1717 883 1794 grates
897 1717 927 1775 et
939 1712 1024 1775 simul
1038 1732 1105 1775 eum
1118 1734 1257 1777 excusem

58 1818 136 1903 quod
158 1819 228 1903 ipse
249 1839 309 1883 non
331 1818 531 1903 respondeat,
553 1840 588 1884 se
610 1821 706 1903 magis
728 1820 895 1885 actionibus
913 1821 945 1885 S.
960 1821 994 1885 V.
1018 1840 1105 1905 qvam
1119 1822 1257 1887 inanibus

57 1927 157 1992 uerbis
180 1929 298 1993 seruire
322 1928 401 1992 velle
422 1933 455 1992 et
477 1928 533 1993 sibi
557 1929 693 2013 gaudere
716 1930 795 2014 qvod
817 1950 896 1994 nunc
917 1930 1046 2015 amplum
1070 1933 1259 1996 nanciscatur

58 2056 196 2121 eampum
211 2038 332 2102 sincere
348 2038 570 2101 demonstrandi
583 2058 669 2122 quarn
679 2060 753 2103 rere
766 2040 867 2123 cupiat
879 2038 1004 2103 dandam
1016 2040 1049 2103 S.
1062 2039 1095 2103 V.
1110 2044 1141 2103 et
1152 2040 1257 2121 Regno

57 2146 297 2230 ab'lmperatore
312 2146 557 2211 satisfactionem.
589 2148 730 2212 Profecto
752 2148 778 2212 si
804 2148 938 2212 dominus
958 2147 1007 2212 bic
1024 2153 1085 2212 tam
1102 2148 1203 2212 zelose
1228 2156 1259 2212 et

58 2261 116 2318 nm
135 2256 296 2319 ferventer
321 2258 446 2339 reginae
467 2256 620 2339 negotium
642 2256 700 2323 boc
718 2278 778 2323 nun
794 2257 1072 2322 recommendasset
1087 2258 1164 2321 ultra
1181 2256 1259 2321 bona

57 2363 141 2429 nobis
158 2364 230 2428 data
246 2363 338 2430 rerba
353 2382 503 2448 nunquam
517 2365 584 2448 plus
601 2364 745 2429 fecissent
767 2365 814 2430 vel
830 2366 920 2448 Angli
936 2366 983 2431 vel
999 2365 1146 2430 Hollandi.
1171 2365 1258 2449 Apud

57 2492 207 2557 nuperum
229 2474 427 2538 ministerium
453 2479 535 2538 tantu
559 2494 619 2540 non
639 2480 774 2557 poterat,
799 2480 831 2539 et
850 2476 974 2539 mutatio
998 2476 1028 2539 in
1051 2475 1159 2558 Anglia
1180 2474 1259 2539 faeta

56 2582 141 2647 aliam
157 2584 194 2647 S.
210 2583 243 2647 V.
259 2582 352 2648 rebus
368 2584 452 2647 dedit
467 2584 585 2647 faciem.
618 2584 714 2667 Caput
734 2585 894 2649 ministerii
911 2586 1019 2669 prioris
1035 2585 1134 2650 fuerat
1146 2585 1258 2649 Morie-

57 2691 203 2775 burgius,
226 2692 434 2777 cujus‘opinio
455 2698 488 2756 et
503 2712 587 2757 mens
610 2700 692 2766 erat,
715 2695 876 2777 utregina
893 2695 925 2759 S.
939 2694 974 2759 V.
991 2693 1078 2758 bonis
1098 2693 1204 2759 uerbis
1228 2695 1258 2757 in

56 2820 208 2885 suspenso
224 2802 356 2867 tenendo
373 2802 446 2866 nibil
463 2807 533 2885 agat
549 2822 586 2865 ex
601 2807 682 2866 metu
699 2803 863 2869 collisionis
881 2823 947 2868 eum
965 2802 1112 2876 Caesare,
1136 2804 1258 2868 ethaeo

57 2910 154 2974 omnia
170 2908 284 2974 fiebant
299 2912 408 2995 partim
423 2917 456 2975 ut
471 2909 529 2975 sibi
545 2911 765 2995 imperatoriam
786 2916 980 2979 conservaret
1003 2913 1129 2995 gratiam
1152 2914 1260 2997 partim

57 3026 89 3083 ut
106 3025 264 3103 protracto
285 3040 342 3104 per
356 3026 417 3083 tam
432 3023 643 3103 importantem
659 3019 858 3087 dirersiouem
875 3022 985 3086 diutius
1006 3021 1084 3086 bello
1106 3040 1140 3085 se
1163 3024 1260 3104 magis

57 3126 360 3192 ditioremredderet.
373 3128 401 3191 is
410 3128 498 3213 plane
509 3128 694 3211 impotenter
706 3148 774 3192 cum
787 3128 904 3193 ducissa
918 3149 970 3194 sua
980 3130 1113 3212 reginam
1124 3128 1259 3196 domina-

57 3235 139 3310 bant,
155 3236 232 3301 vicit
246 3256 321 3319 ergo
338 3236 408 3301 dein
423 3238 480 3302 alia
496 3257 567 3322 pars
583 3241 616 3301 et
631 3238 745 3311 effecit,
755 3244 794 3303 ut
810 3238 879 3303 duci
893 3238 930 3302 de
941 3238 1154 3322 Marleboroug
1170 3239 1259 3303 etiam

55 3346 251 3428 generalatus
267 3346 459 3419 adimeretur,
482 3348 539 3411 nisi
558 3368 593 3411 se
609 3349 778 3412 resolveret
793 3347 831 3411 ad
848 3346 1097 3431 derelinquendas
1113 3349 1259 3431 negocia·

55 3456 154 3521 tiones
173 3461 207 3520 et
221 3460 352 3521 restatus
366 3457 433 3541 ipso
448 3458 508 3522 boo
522 3458 660 3523 omnibus
676 3458 779 3523 annuit
795 3463 826 3522 et
841 3457 916 3523 adeo
933 3458 964 3522 in
980 3457 1098 3542 publiea
1115 3456 1177 3541 jam
1201 3478 1260 3521 non

56 3564 148 3630 intrat
165 3570 200 3629 et
215 3566 312 3629 solum
328 3566 511 3631 exercitibus
527 3568 671 3652 imperat;
689 3568 807 3633 ducissa
824 3567 889 3649 ejus
904 3568 1008 3651 primis
1025 3566 1132 3631 officiis
1147 3567 1179 3630 in
1195 3566 1261 3631 aula

56 3673 159 3738 orbata
178 3674 316 3758 privatim
331 3675 413 3739 vivit.
435 3676 496 3740 Imo
513 3676 550 3739 ad
566 3675 803 3741 mortificandum
818 3676 913 3759 magis
926 3677 1033 3740 ducem
1042 3674 1259 3759 Peterburgius

57 3781 219 3847 Wiennam
235 3788 268 3847 et
282 3784 423 3847 aliorsum
444 3784 481 3847 ad
499 3785 621 3866 negotia
633 3784 772 3849 facienda
784 3786 903 3857 missus,
918 3789 949 3848 et
960 3784 1069 3848 idilord
1087 3784 1259 3849 Tcwnsend

57 3890 254 3974 blarleborgii
267 3896 403 3956 creatora
416 3893 499 3975 ilaga
517 3897 658 3958 avocatus
675 3894 706 3956 in
718 3892 784 3975 ejus
797 3894 895 3958 locum
903 3892 1011 3957 blilord
1020 3892 1104 3976 llaby
1115 3892 1259 3957 suffectus

57 4004 119 4073 est;
147 4020 221 4083 pars
242 3998 332 4063 modo
355 4020 487 4084 regnans
505 4007 540 4065 ut
562 4002 701 4066 ostendat
724 4022 811 4086 qvam
826 4004 1038 4067 interessatom
1054 4002 1146 4066 fuerit
1168 4022 1259 4089 prae-

59 4109 171 4173 cedens
184 4110 396 4182 ministerium,
409 4110 546 4175 omnibus
558 4112 655 4176 modis
667 4112 906 4196 comisationem
923 4119 1054 4177 noemam
1072 4114 1187 4197 quaerit
1203 4132 1259 4177 eeu

60 4217 192 4281 medium
207 4238 348 4283 securum
364 4219 401 4282 ad
417 4219 609 4284 obtinendam
624 4241 730 4305 pacem
742 4222 926 4304 generalem,
941 4228 972 4285 et
984 4222 1059 4285 baec
1072 4218 1152 4307 (sic)
1164 4220 1261 4285 bonae

57 4326 242 4392 intentiones
259 4330 407 4393 continuis
423 4331 721 4398 remonstraticuibus
734 4333 842 4396 blilord
854 4332 928 4413 Rebi
946 4330 1157 4395 secundantur.
1179 4332 1212 4396 S.
1222 4331 1259 4396 V.

58 4434 275 4520 benignissime
291 4439 500 4504 recordabitur
514 4442 600 4505 Dom.
617 4441 775 4507 iablonski
791 4442 898 4506 blilord
914 4441 998 4525 ilaby
1011 4460 1203 4505 assecurasse
1220 4440 1258 4503 de

58 4553 141 4610 certa
157 4567 271 4612 summa
287 4549 446 4631 pecuniae,
462 4550 488 4613 si
504 4570 560 4633 par
576 4550 803 4633 procurabitur;
830 4573 907 4615 nuno
924 4570 1038 4615 summe
1055 4550 1257 4614 necessarium
