<?xml version="1.0" encoding="UTF-8"?>
<!DOCTYPE html PUBLIC "-//W3C//DTD XHTML 1.0 Transitional//EN"
    "http://www.w3.org/TR/xhtml1/DTD/xhtml1-transitional.dtd">
<html xmlns="http://www.w3.org/1999/xhtml" xml:lang="en" lang="en">
 <head>
  <title>
</title>
<meta http-equiv="Content-Type" content="text/html;charset=utf-8" />
  <meta name='ocr-system' content='tesseract 3.04.00' />
  <meta name='ocr-capabilities' content='ocr_page ocr_carea ocr_par ocr_line ocrx_word'/>
</head>
<body>
  <div class='ocr_page' id='page_1' title='image "./fontesrerumaust22kommgoog_0207.png"; bbox 0 0 3117 5084; ppageno 0'>
   <div class='ocr_carea' id='block_1_1' title="bbox 279 330 354 401">
    <p class='ocr_par' dir='ltr' id='par_1_1' title="bbox 279 330 354 401">
     <span class='ocr_line' id='line_1_1' title="bbox 279 330 354 401; baseline 0.027 -2"><span class='ocrx_word' id='word_1_1' title='bbox 279 330 354 401; x_wconf 82' lang='lat' dir='ltr'><strong>luo</strong></span> 
     </span>
    </p>
   </div>
   <div class='ocr_carea' id='block_1_2' title="bbox 274 502 1483 4399">
    <p class='ocr_par' dir='ltr' id='par_1_2' title="bbox 274 502 1483 4399">
     <span class='ocr_line' id='line_1_2' title="bbox 275 502 1482 589; baseline 0 -20"><span class='ocrx_word' id='word_1_2' title='bbox 275 502 357 569; x_wconf 90' lang='lat' dir='ltr'><strong>bunc</strong></span> <span class='ocrx_word' id='word_1_3' title='bbox 373 503 412 569; x_wconf 92' lang='lat' dir='ltr'><strong>ad</strong></span> <span class='ocrx_word' id='word_1_4' title='bbox 427 503 528 569; x_wconf 89' lang='lat' dir='ltr'><strong>omnia</strong></span> <span class='ocrx_word' id='word_1_5' title='bbox 541 505 591 569; x_wconf 90' lang='lat' dir='ltr'><strong>illa</strong></span> <span class='ocrx_word' id='word_1_6' title='bbox 606 504 769 587; x_wconf 75' lang='lat' dir='ltr'>instigasse</span> <span class='ocrx_word' id='word_1_7' title='bbox 785 511 817 570; x_wconf 89' lang='lat' dir='ltr'><strong>et</strong></span> <span class='ocrx_word' id='word_1_8' title='bbox 832 506 939 571; x_wconf 88' lang='lat' dir='ltr'><strong>multas</strong></span> <span class='ocrx_word' id='word_1_9' title='bbox 960 506 1104 589; x_wconf 88' lang='lat' dir='ltr'><strong>pecunias</strong></span> <span class='ocrx_word' id='word_1_10' title='bbox 1130 503 1313 577; x_wconf 86' lang='lat' dir='ltr'><strong>corrosisse,</strong></span> <span class='ocrx_word' id='word_1_11' title='bbox 1338 503 1482 589; x_wconf 86' lang='lat' dir='ltr'><strong>quicquid</strong></span> 
     </span>
     <span class='ocr_line' id='line_1_3' title="bbox 277 612 1482 699; baseline 0.001 -23"><span class='ocrx_word' id='word_1_12' title='bbox 277 614 318 677; x_wconf 92' lang='lat' dir='ltr'><strong>sit</strong></span> <span class='ocrx_word' id='word_1_13' title='bbox 339 612 476 678; x_wconf 91' lang='lat' dir='ltr'><strong>omnibus</strong></span> <span class='ocrx_word' id='word_1_14' title='bbox 504 614 571 679; x_wconf 87' lang='lat' dir='ltr'><strong>lere</strong></span> <span class='ocrx_word' id='word_1_15' title='bbox 593 612 700 679; x_wconf 87' lang='lat' dir='ltr'><strong>officiis</strong></span> <span class='ocrx_word' id='word_1_16' title='bbox 723 615 786 679; x_wconf 92' lang='lat' dir='ltr'><strong>suis</strong></span> <span class='ocrx_word' id='word_1_17' title='bbox 809 615 942 699; x_wconf 80' lang='lat' dir='ltr'><strong>privatus</strong></span> <span class='ocrx_word' id='word_1_18' title='bbox 958 614 1149 681; x_wconf 81' lang='lat' dir='ltr'><strong>Francoiurti</strong></span> <span class='ocrx_word' id='word_1_19' title='bbox 1170 613 1208 678; x_wconf 89' lang='lat' dir='ltr'><strong>ad</strong></span> <span class='ocrx_word' id='word_1_20' title='bbox 1230 614 1371 679; x_wconf 83' lang='lat' dir='ltr'><strong>ticenum</strong></span> <span class='ocrx_word' id='word_1_21' title='bbox 1393 614 1482 686; x_wconf 86' lang='lat' dir='ltr'><strong>virit;</strong></span> 
     </span>
     <span class='ocr_line' id='line_1_4' title="bbox 279 721 1483 807; baseline 0 -22"><span class='ocrx_word' id='word_1_22' title='bbox 279 742 340 805; x_wconf 87' lang='lat' dir='ltr'><strong>ego</strong></span> <span class='ocrx_word' id='word_1_23' title='bbox 362 721 492 786; x_wconf 89' lang='lat' dir='ltr'><strong>eundem</strong></span> <span class='ocrx_word' id='word_1_24' title='bbox 512 743 572 807; x_wconf 91' lang='lat' dir='ltr'><strong>per</strong></span> <span class='ocrx_word' id='word_1_25' title='bbox 594 724 706 787; x_wconf 86' lang='lat' dir='ltr'><strong>aulicas</strong></span> <span class='ocrx_word' id='word_1_26' title='bbox 733 723 898 807; x_wconf 81' lang='lat' dir='ltr'><strong>aliquorum</strong></span> <span class='ocrx_word' id='word_1_27' title='bbox 925 723 1130 787; x_wconf 89' lang='lat' dir='ltr'><strong>ministrorum</strong></span> <span class='ocrx_word' id='word_1_28' title='bbox 1155 722 1304 787; x_wconf 84' lang='lat' dir='ltr'><strong>factiones</strong></span> <span class='ocrx_word' id='word_1_29' title='bbox 1331 722 1483 787; x_wconf 85' lang='lat' dir='ltr'><strong>cecidisse</strong></span> 
     </span>
     <span class='ocr_line' id='line_1_5' title="bbox 276 830 1483 917; baseline -0.001 -23"><span class='ocrx_word' id='word_1_30' title='bbox 276 851 429 915; x_wconf 87' lang='lat' dir='ltr'><strong>suppono;</strong></span> <span class='ocrx_word' id='word_1_31' title='bbox 451 830 697 915; x_wconf 83' lang='lat' dir='ltr'><strong>irrsnpportabilis</strong></span> <span class='ocrx_word' id='word_1_32' title='bbox 719 832 799 897; x_wconf 91' lang='lat' dir='ltr'><strong>enim</strong></span> <span class='ocrx_word' id='word_1_33' title='bbox 820 832 920 896; x_wconf 90' lang='lat' dir='ltr'><strong>multis</strong></span> <span class='ocrx_word' id='word_1_34' title='bbox 941 832 1107 898; x_wconf 76' lang='lat' dir='ltr'><strong>devenerat</strong></span> <span class='ocrx_word' id='word_1_35' title='bbox 1129 831 1206 917; x_wconf 86' lang='lat' dir='ltr'><strong>qvod</strong></span> <span class='ocrx_word' id='word_1_36' title='bbox 1230 832 1338 896; x_wconf 87' lang='lat' dir='ltr'><strong>multas</strong></span> <span class='ocrx_word' id='word_1_37' title='bbox 1355 830 1483 895; x_wconf 75' lang='lat' dir='ltr'>familias</span> 
     </span>
     <span class='ocr_line' id='line_1_6' title="bbox 275 939 1481 1026; baseline -0.002 -23"><span class='ocrx_word' id='word_1_38' title='bbox 275 940 413 1025; x_wconf 75' lang='lat' dir='ltr'><strong>antiquas</strong></span> <span class='ocrx_word' id='word_1_39' title='bbox 429 940 620 1024; x_wconf 82' lang='lat' dir='ltr'><strong>oppresserit</strong></span> <span class='ocrx_word' id='word_1_40' title='bbox 634 945 667 1004; x_wconf 93' lang='lat' dir='ltr'><strong>et</strong></span> <span class='ocrx_word' id='word_1_41' title='bbox 681 959 824 1005; x_wconf 88' lang='lat' dir='ltr'><strong>summam</strong></span> <span class='ocrx_word' id='word_1_42' title='bbox 846 960 948 1005; x_wconf 87' lang='lat' dir='ltr'><strong>rerum</strong></span> <span class='ocrx_word' id='word_1_43' title='bbox 971 941 1008 1005; x_wconf 94' lang='lat' dir='ltr'><strong>ad</strong></span> <span class='ocrx_word' id='word_1_44' title='bbox 1030 962 1064 1005; x_wconf 89' lang='lat' dir='ltr'><strong>se</strong></span> <span class='ocrx_word' id='word_1_45' title='bbox 1084 941 1286 1026; x_wconf 79' lang='lat' dir='ltr'><strong>pertraxerit;</strong></span> <span class='ocrx_word' id='word_1_46' title='bbox 1308 939 1481 1009; x_wconf 74' lang='lat' dir='ltr'><strong>metuebam</strong></span> 
     </span>
     <span class='ocr_line' id='line_1_7' title="bbox 276 1048 1480 1134; baseline 0.007 -23"><span class='ocrx_word' id='word_1_47' title='bbox 276 1066 335 1130; x_wconf 92' lang='lat' dir='ltr'><strong>ego</strong></span> <span class='ocrx_word' id='word_1_48' title='bbox 360 1048 561 1114; x_wconf 87' lang='lat' dir='ltr'><strong>mutacionem</strong></span> <span class='ocrx_word' id='word_1_49' title='bbox 580 1049 659 1113; x_wconf 88' lang='lat' dir='ltr'><strong>banc</strong></span> <span class='ocrx_word' id='word_1_50' title='bbox 679 1049 839 1117; x_wconf 88' lang='lat' dir='ltr'><strong>ministerii</strong></span> <span class='ocrx_word' id='word_1_51' title='bbox 867 1051 1108 1134; x_wconf 78' lang='lat' dir='ltr'><strong>negotiacionem</strong></span> <span class='ocrx_word' id='word_1_52' title='bbox 1138 1068 1234 1114; x_wconf 89' lang='lat' dir='ltr'><strong>meam</strong></span> <span class='ocrx_word' id='word_1_53' title='bbox 1258 1049 1480 1133; x_wconf 79' lang='lat' dir='ltr'><strong>impedituram</strong></span> 
     </span>
     <span class='ocr_line' id='line_1_8' title="bbox 276 1156 1481 1240; baseline 0.001 -20"><span class='ocrx_word' id='word_1_54' title='bbox 276 1156 331 1220; x_wconf 90' lang='lat' dir='ltr'><strong>sed</strong></span> <span class='ocrx_word' id='word_1_55' title='bbox 354 1176 405 1220; x_wconf 92' lang='lat' dir='ltr'><strong>res</strong></span> <span class='ocrx_word' id='word_1_56' title='bbox 426 1162 552 1238; x_wconf 87' lang='lat' dir='ltr'><strong>praeter</strong></span> <span class='ocrx_word' id='word_1_57' title='bbox 572 1176 659 1240; x_wconf 88' lang='lat' dir='ltr'><strong>spem</strong></span> <span class='ocrx_word' id='word_1_58' title='bbox 680 1177 776 1223; x_wconf 89' lang='lat' dir='ltr'><strong>meam</strong></span> <span class='ocrx_word' id='word_1_59' title='bbox 793 1160 911 1223; x_wconf 86' lang='lat' dir='ltr'><strong>telicius</strong></span> <span class='ocrx_word' id='word_1_60' title='bbox 933 1158 1050 1231; x_wconf 84' lang='lat' dir='ltr'><strong>evenit;</strong></span> <span class='ocrx_word' id='word_1_61' title='bbox 1079 1159 1226 1223; x_wconf 81' lang='lat' dir='ltr'><strong>devolutis</strong></span> <span class='ocrx_word' id='word_1_62' title='bbox 1243 1159 1321 1222; x_wconf 89' lang='lat' dir='ltr'><strong>enim</strong></span> <span class='ocrx_word' id='word_1_63' title='bbox 1338 1158 1377 1221; x_wconf 92' lang='lat' dir='ltr'><strong>ad</strong></span> <span class='ocrx_word' id='word_1_64' title='bbox 1392 1158 1481 1221; x_wconf 82' lang='lat' dir='ltr'><strong>Dona.</strong></span> 
     </span>
     <span class='ocr_line' id='line_1_9' title="bbox 276 1263 1479 1351; baseline 0.003 -24"><span class='ocrx_word' id='word_1_65' title='bbox 276 1264 361 1346; x_wconf 91' lang='lat' dir='ltr'><strong>llgen</strong></span> <span class='ocrx_word' id='word_1_66' title='bbox 377 1263 470 1329; x_wconf 88' lang='lat' dir='ltr'><strong>rebus</strong></span> <span class='ocrx_word' id='word_1_67' title='bbox 487 1265 650 1337; x_wconf 82' lang='lat' dir='ltr'><strong>extraneis,</strong></span> <span class='ocrx_word' id='word_1_68' title='bbox 666 1265 816 1333; x_wconf 85' lang='lat' dir='ltr'><strong>dominum</strong></span> <span class='ocrx_word' id='word_1_69' title='bbox 833 1269 915 1333; x_wconf 89' lang='lat' dir='ltr'><strong>bune</strong></span> <span class='ocrx_word' id='word_1_70' title='bbox 930 1268 1047 1332; x_wconf 88' lang='lat' dir='ltr'><strong>accessi</strong></span> <span class='ocrx_word' id='word_1_71' title='bbox 1063 1286 1098 1331; x_wconf 91' lang='lat' dir='ltr'><strong>ac</strong></span> <span class='ocrx_word' id='word_1_72' title='bbox 1114 1269 1247 1351; x_wconf 86' lang='lat' dir='ltr'><strong>peractis</strong></span> <span class='ocrx_word' id='word_1_73' title='bbox 1263 1268 1383 1331; x_wconf 90' lang='lat' dir='ltr'><strong>nomine</strong></span> <span class='ocrx_word' id='word_1_74' title='bbox 1401 1266 1433 1329; x_wconf 89' lang='lat' dir='ltr'><strong>S.</strong></span> <span class='ocrx_word' id='word_1_75' title='bbox 1445 1267 1479 1331; x_wconf 91' lang='lat' dir='ltr'><strong>V.</strong></span> 
     </span>
     <span class='ocr_line' id='line_1_10' title="bbox 279 1373 1479 1459; baseline 0.002 -24"><span class='ocrx_word' id='word_1_76' title='bbox 279 1374 337 1436; x_wconf 91' lang='lat' dir='ltr'><strong>rite</strong></span> <span class='ocrx_word' id='word_1_77' title='bbox 354 1373 516 1439; x_wconf 89' lang='lat' dir='ltr'><strong>curialibus</strong></span> <span class='ocrx_word' id='word_1_78' title='bbox 532 1375 632 1439; x_wconf 90' lang='lat' dir='ltr'><strong>eidem</strong></span> <span class='ocrx_word' id='word_1_79' title='bbox 648 1376 891 1441; x_wconf 80' lang='lat' dir='ltr'><strong>commissionem</strong></span> <span class='ocrx_word' id='word_1_80' title='bbox 904 1394 1001 1441; x_wconf 82' lang='lat' dir='ltr'><strong>meam</strong></span> <span class='ocrx_word' id='word_1_81' title='bbox 1018 1377 1182 1443; x_wconf 80' lang='lat' dir='ltr'><strong>clarissime</strong></span> <span class='ocrx_word' id='word_1_82' title='bbox 1198 1376 1322 1459; x_wconf 80' lang='lat' dir='ltr'><strong>exposui</strong></span> <span class='ocrx_word' id='word_1_83' title='bbox 1340 1380 1372 1439; x_wconf 91' lang='lat' dir='ltr'><strong>et</strong></span> <span class='ocrx_word' id='word_1_84' title='bbox 1393 1376 1479 1437; x_wconf 90' lang='lat' dir='ltr'><strong>simul</strong></span> 
     </span>
     <span class='ocr_line' id='line_1_11' title="bbox 281 1484 1481 1569; baseline -0.001 -22"><span class='ocrx_word' id='word_1_85' title='bbox 281 1502 412 1564; x_wconf 89' lang='lat' dir='ltr'><strong>seqrens</strong></span> <span class='ocrx_word' id='word_1_86' title='bbox 436 1484 610 1548; x_wconf 80' lang='lat' dir='ltr'><strong>memoriale</strong></span> <span class='ocrx_word' id='word_1_87' title='bbox 639 1504 706 1547; x_wconf 90' lang='lat' dir='ltr'><strong>cum</strong></span> <span class='ocrx_word' id='word_1_88' title='bbox 732 1486 816 1568; x_wconf 87' lang='lat' dir='ltr'><strong>pacis</strong></span> <span class='ocrx_word' id='word_1_89' title='bbox 839 1486 976 1569; x_wconf 86' lang='lat' dir='ltr'><strong>projecto</strong></span> <span class='ocrx_word' id='word_1_90' title='bbox 994 1486 1103 1551; x_wconf 84' lang='lat' dir='ltr'><strong>tradidi</strong></span> <span class='ocrx_word' id='word_1_91' title='bbox 1123 1486 1252 1551; x_wconf 89' lang='lat' dir='ltr'><strong>eundem</strong></span> <span class='ocrx_word' id='word_1_92' title='bbox 1272 1484 1426 1567; x_wconf 89' lang='lat' dir='ltr'><strong>rogando,</strong></span> <span class='ocrx_word' id='word_1_93' title='bbox 1448 1490 1481 1547; x_wconf 90' lang='lat' dir='ltr'><strong>nt</strong></span> 
     </span>
     <span class='ocr_line' id='line_1_12' title="bbox 280 1592 1480 1678; baseline 0.002 -23"><span class='ocrx_word' id='word_1_94' title='bbox 280 1592 456 1675; x_wconf 75' lang='lat' dir='ltr'><strong>quantocius</strong></span> <span class='ocrx_word' id='word_1_95' title='bbox 467 1594 584 1675; x_wconf 89' lang='lat' dir='ltr'><strong>regiam</strong></span> <span class='ocrx_word' id='word_1_96' title='bbox 596 1592 711 1657; x_wconf 84' lang='lat' dir='ltr'><strong>babere</strong></span> <span class='ocrx_word' id='word_1_97' title='bbox 726 1596 837 1678; x_wconf 89' lang='lat' dir='ltr'><strong>possim</strong></span> <span class='ocrx_word' id='word_1_98' title='bbox 855 1595 1078 1659; x_wconf 89' lang='lat' dir='ltr'><strong>resolutionem.</strong></span> <span class='ocrx_word' id='word_1_99' title='bbox 1103 1596 1164 1659; x_wconf 88' lang='lat' dir='ltr'><strong>Sua</strong></span> <span class='ocrx_word' id='word_1_100' title='bbox 1175 1594 1363 1659; x_wconf 82' lang='lat' dir='ltr'><strong>Excellentia</strong></span> <span class='ocrx_word' id='word_1_101' title='bbox 1375 1613 1426 1659; x_wconf 90' lang='lat' dir='ltr'><strong>me</strong></span> <span class='ocrx_word' id='word_1_102' title='bbox 1442 1592 1480 1657; x_wconf 89' lang='lat' dir='ltr'><strong>de</strong></span> 
     </span>
     <span class='ocr_line' id='line_1_13' title="bbox 279 1700 1482 1785; baseline 0.003 -24"><span class='ocrx_word' id='word_1_103' title='bbox 279 1700 561 1783; x_wconf 88' lang='lat' dir='ltr'><strong>regiabenignitnte</strong></span> <span class='ocrx_word' id='word_1_104' title='bbox 574 1708 605 1766; x_wconf 92' lang='lat' dir='ltr'><strong>et</strong></span> <span class='ocrx_word' id='word_1_105' title='bbox 617 1723 672 1765; x_wconf 90' lang='lat' dir='ltr'><strong>sno</strong></span> <span class='ocrx_word' id='word_1_106' title='bbox 681 1702 940 1785; x_wconf 88' lang='lat' dir='ltr'><strong>pronoseruiendi</strong></span> <span class='ocrx_word' id='word_1_107' title='bbox 955 1704 1054 1767; x_wconf 91' lang='lat' dir='ltr'><strong>studio</strong></span> <span class='ocrx_word' id='word_1_108' title='bbox 1063 1704 1264 1769; x_wconf 81' lang='lat' dir='ltr'><strong>assecurando</strong></span> <span class='ocrx_word' id='word_1_109' title='bbox 1277 1702 1314 1767; x_wconf 91' lang='lat' dir='ltr'><strong>ad</strong></span> <span class='ocrx_word' id='word_1_110' title='bbox 1324 1702 1482 1766; x_wconf 87' lang='lat' dir='ltr'><strong>instantias</strong></span> 
     </span>
     <span class='ocr_line' id='line_1_14' title="bbox 276 1808 1482 1895; baseline 0.002 -24"><span class='ocrx_word' id='word_1_111' title='bbox 276 1808 363 1872; x_wconf 85' lang='lat' dir='ltr'><strong>brevi</strong></span> <span class='ocrx_word' id='word_1_112' title='bbox 375 1809 576 1875; x_wconf 88' lang='lat' dir='ltr'><strong>resolutiones</strong></span> <span class='ocrx_word' id='word_1_113' title='bbox 589 1812 749 1875; x_wconf 88' lang='lat' dir='ltr'><strong>relaturam</strong></span> <span class='ocrx_word' id='word_1_114' title='bbox 761 1812 908 1895; x_wconf 86' lang='lat' dir='ltr'><strong>promisit.</strong></span> <span class='ocrx_word' id='word_1_115' title='bbox 926 1812 1033 1877; x_wconf 89' lang='lat' dir='ltr'><strong>Studio</strong></span> <span class='ocrx_word' id='word_1_116' title='bbox 1046 1819 1107 1879; x_wconf 83' lang='lat' dir='ltr'><strong>turn</strong></span> <span class='ocrx_word' id='word_1_117' title='bbox 1120 1813 1228 1878; x_wconf 88' lang='lat' dir='ltr'><strong>nnllam</strong></span> <span class='ocrx_word' id='word_1_118' title='bbox 1241 1811 1279 1874; x_wconf 90' lang='lat' dir='ltr'><strong>de</strong></span> <span class='ocrx_word' id='word_1_119' title='bbox 1288 1812 1482 1895; x_wconf 88' lang='lat' dir='ltr'><strong>protectione</strong></span> 
     </span>
     <span class='ocr_line' id='line_1_15' title="bbox 277 1919 1480 2004; baseline 0.002 -23"><span class='ocrx_word' id='word_1_120' title='bbox 277 1919 459 1981; x_wconf 90' lang='lat' dir='ltr'><strong>mentionem</strong></span> <span class='ocrx_word' id='word_1_121' title='bbox 485 1919 547 1983; x_wconf 84' lang='lat' dir='ltr'><strong>ieci</strong></span> <span class='ocrx_word' id='word_1_122' title='bbox 578 1939 616 1983; x_wconf 92' lang='lat' dir='ltr'><strong>eo</strong></span> <span class='ocrx_word' id='word_1_123' title='bbox 644 1920 721 2004; x_wconf 90' lang='lat' dir='ltr'><strong>qrod</strong></span> <span class='ocrx_word' id='word_1_124' title='bbox 743 1922 844 2003; x_wconf 89' lang='lat' dir='ltr'><strong>putavi</strong></span> <span class='ocrx_word' id='word_1_125' title='bbox 867 1921 989 1985; x_wconf 87' lang='lat' dir='ltr'><strong>deserta</strong></span> <span class='ocrx_word' id='word_1_126' title='bbox 1010 1940 1089 1986; x_wconf 90' lang='lat' dir='ltr'><strong>nunc</strong></span> <span class='ocrx_word' id='word_1_127' title='bbox 1113 1922 1151 1985; x_wconf 93' lang='lat' dir='ltr'><strong>ob</strong></span> <span class='ocrx_word' id='word_1_128' title='bbox 1173 1921 1269 1985; x_wconf 89' lang='lat' dir='ltr'><strong>Pestis</strong></span> <span class='ocrx_word' id='word_1_129' title='bbox 1292 1920 1480 1983; x_wconf 81' lang='lat' dir='ltr'><strong>incommoda</strong></span> 
     </span>
     <span class='ocr_line' id='line_1_16' title="bbox 279 2026 1479 2109; baseline 0.001 -19"><span class='ocrx_word' id='word_1_130' title='bbox 279 2027 400 2091; x_wconf 87' lang='lat' dir='ltr'><strong>Prussia</strong></span> <span class='ocrx_word' id='word_1_131' title='bbox 420 2047 528 2109; x_wconf 87' lang='lat' dir='ltr'><strong>regern</strong></span> <span class='ocrx_word' id='word_1_132' title='bbox 550 2029 614 2092; x_wconf 83' lang='lat' dir='ltr'><strong>fors</strong></span> <span class='ocrx_word' id='word_1_133' title='bbox 637 2029 727 2093; x_wconf 84' lang='lat' dir='ltr'><strong>tacite</strong></span> <span class='ocrx_word' id='word_1_134' title='bbox 748 2031 779 2093; x_wconf 91' lang='lat' dir='ltr'><strong>in</strong></span> <span class='ocrx_word' id='word_1_135' title='bbox 797 2030 924 2093; x_wconf 88' lang='lat' dir='ltr'><strong>eandem</strong></span> <span class='ocrx_word' id='word_1_136' title='bbox 940 2040 1157 2095; x_wconf 87' lang='lat' dir='ltr'><strong>consensurum</strong></span> <span class='ocrx_word' id='word_1_137' title='bbox 1173 2034 1204 2092; x_wconf 90' lang='lat' dir='ltr'><strong>et</strong></span> <span class='ocrx_word' id='word_1_138' title='bbox 1220 2028 1290 2093; x_wconf 87' lang='lat' dir='ltr'><strong>dein</strong></span> <span class='ocrx_word' id='word_1_139' title='bbox 1306 2028 1417 2093; x_wconf 90' lang='lat' dir='ltr'><strong>lentius</strong></span> <span class='ocrx_word' id='word_1_140' title='bbox 1441 2026 1479 2091; x_wconf 93' lang='lat' dir='ltr'><strong>ob</strong></span> 
     </span>
     <span class='ocr_line' id='line_1_17' title="bbox 276 2136 1479 2219; baseline 0 -20"><span class='ocrx_word' id='word_1_141' title='bbox 276 2136 430 2219; x_wconf 90' lang='lat' dir='ltr'><strong>proprium</strong></span> <span class='ocrx_word' id='word_1_142' title='bbox 451 2156 537 2201; x_wconf 91' lang='lat' dir='ltr'><strong>suum</strong></span> <span class='ocrx_word' id='word_1_143' title='bbox 560 2137 710 2201; x_wconf 88' lang='lat' dir='ltr'><strong>interesse</strong></span> <span class='ocrx_word' id='word_1_144' title='bbox 729 2157 850 2203; x_wconf 89' lang='lat' dir='ltr'><strong>eausam</strong></span> <span class='ocrx_word' id='word_1_145' title='bbox 873 2138 906 2201; x_wconf 89' lang='lat' dir='ltr'><strong>S.</strong></span> <span class='ocrx_word' id='word_1_146' title='bbox 932 2137 967 2202; x_wconf 90' lang='lat' dir='ltr'><strong>V.</strong></span> <span class='ocrx_word' id='word_1_147' title='bbox 990 2140 1053 2205; x_wconf 90' lang='lat' dir='ltr'><strong>sire</strong></span> <span class='ocrx_word' id='word_1_148' title='bbox 1077 2140 1108 2205; x_wconf 94' lang='lat' dir='ltr'><strong>in</strong></span> <span class='ocrx_word' id='word_1_149' title='bbox 1127 2140 1194 2204; x_wconf 87' lang='lat' dir='ltr'><strong>aula</strong></span> <span class='ocrx_word' id='word_1_150' title='bbox 1213 2138 1392 2203; x_wconf 89' lang='lat' dir='ltr'><strong>Wiennensi</strong></span> <span class='ocrx_word' id='word_1_151' title='bbox 1415 2136 1479 2201; x_wconf 85' lang='lat' dir='ltr'><strong>sire</strong></span> 
     </span>
     <span class='ocr_line' id='line_1_18' title="bbox 275 2243 1479 2331; baseline -0.001 -23"><span class='ocrx_word' id='word_1_152' title='bbox 275 2243 353 2326; x_wconf 86' lang='lat' dir='ltr'><strong>apud</strong></span> <span class='ocrx_word' id='word_1_153' title='bbox 382 2243 499 2309; x_wconf 88' lang='lat' dir='ltr'><strong>alliatos</strong></span> <span class='ocrx_word' id='word_1_154' title='bbox 526 2252 709 2312; x_wconf 88' lang='lat' dir='ltr'><strong>curaturum.</strong></span> <span class='ocrx_word' id='word_1_155' title='bbox 755 2248 920 2330; x_wconf 83' lang='lat' dir='ltr'><strong>Expectari</strong></span> <span class='ocrx_word' id='word_1_156' title='bbox 950 2267 1026 2330; x_wconf 91' lang='lat' dir='ltr'><strong>ergo</strong></span> <span class='ocrx_word' id='word_1_157' title='bbox 1058 2248 1173 2331; x_wconf 84' lang='lat' dir='ltr'><strong>regiam</strong></span> <span class='ocrx_word' id='word_1_158' title='bbox 1200 2246 1237 2309; x_wconf 91' lang='lat' dir='ltr'><strong>nd</strong></span> <span class='ocrx_word' id='word_1_159' title='bbox 1270 2245 1367 2309; x_wconf 85' lang='lat' dir='ltr'><strong>dictas</strong></span> <span class='ocrx_word' id='word_1_160' title='bbox 1396 2264 1479 2307; x_wconf 88' lang='lat' dir='ltr'><strong>meas</strong></span> 
     </span>
     <span class='ocr_line' id='line_1_19' title="bbox 275 2352 1477 2438; baseline 0 -23"><span class='ocrx_word' id='word_1_161' title='bbox 275 2354 432 2416; x_wconf 85' lang='lat' dir='ltr'><strong>instantias</strong></span> <span class='ocrx_word' id='word_1_162' title='bbox 454 2354 668 2419; x_wconf 88' lang='lat' dir='ltr'><strong>resolutionem</strong></span> <span class='ocrx_word' id='word_1_163' title='bbox 691 2374 777 2438; x_wconf 87' lang='lat' dir='ltr'><strong>qram</strong></span> <span class='ocrx_word' id='word_1_164' title='bbox 793 2356 911 2421; x_wconf 88' lang='lat' dir='ltr'><strong>demum</strong></span> <span class='ocrx_word' id='word_1_165' title='bbox 928 2356 1012 2421; x_wconf 91' lang='lat' dir='ltr'><strong>initio</strong></span> <span class='ocrx_word' id='word_1_166' title='bbox 1028 2356 1140 2422; x_wconf 88' lang='lat' dir='ltr'><strong>mensis</strong></span> <span class='ocrx_word' id='word_1_167' title='bbox 1163 2354 1320 2419; x_wconf 79' lang='lat' dir='ltr'><strong>Februarii</strong></span> <span class='ocrx_word' id='word_1_168' title='bbox 1345 2352 1477 2418; x_wconf 91' lang='lat' dir='ltr'><strong>obtinui:</strong></span> 
     </span>
     <span class='ocr_line' id='line_1_20' title="bbox 282 2461 1479 2547; baseline 0 -22"><span class='ocrx_word' id='word_1_169' title='bbox 282 2461 381 2525; x_wconf 87' lang='lat' dir='ltr'><strong>Primo</strong></span> <span class='ocrx_word' id='word_1_170' title='bbox 399 2462 517 2545; x_wconf 80' lang='lat' dir='ltr'><strong>pridem</strong></span> <span class='ocrx_word' id='word_1_171' title='bbox 528 2463 652 2546; x_wconf 79' lang='lat' dir='ltr'><strong>Regiam</strong></span> <span class='ocrx_word' id='word_1_172' title='bbox 665 2463 853 2547; x_wconf 72' lang='lat' dir='ltr'><strong>Maiestatem</strong></span> <span class='ocrx_word' id='word_1_173' title='bbox 868 2485 938 2531; x_wconf 90' lang='lat' dir='ltr'><strong>suas</strong></span> <span class='ocrx_word' id='word_1_174' title='bbox 951 2465 1043 2530; x_wconf 86' lang='lat' dir='ltr'><strong>toties</strong></span> <span class='ocrx_word' id='word_1_175' title='bbox 1065 2464 1223 2528; x_wconf 84' lang='lat' dir='ltr'><strong>reiteratas</strong></span> <span class='ocrx_word' id='word_1_176' title='bbox 1235 2463 1479 2529; x_wconf 89' lang='lat' dir='ltr'><strong>assecurationes</strong></span> 
     </span>
     <span class='ocr_line' id='line_1_21' title="bbox 282 2569 1477 2657; baseline 0.003 -25"><span class='ocrx_word' id='word_1_177' title='bbox 282 2569 322 2633; x_wconf 89' lang='lat' dir='ltr'><strong>de</strong></span> <span class='ocrx_word' id='word_1_178' title='bbox 336 2570 456 2635; x_wconf 90' lang='lat' dir='ltr'><strong>sincero</strong></span> <span class='ocrx_word' id='word_1_179' title='bbox 472 2571 505 2637; x_wconf 93' lang='lat' dir='ltr'><strong>in</strong></span> <span class='ocrx_word' id='word_1_180' title='bbox 519 2572 552 2637; x_wconf 88' lang='lat' dir='ltr'><strong>S.</strong></span> <span class='ocrx_word' id='word_1_181' title='bbox 565 2572 601 2638; x_wconf 87' lang='lat' dir='ltr'><strong>V.</strong></span> <span class='ocrx_word' id='word_1_182' title='bbox 619 2579 651 2638; x_wconf 90' lang='lat' dir='ltr'><strong>et</strong></span> <span class='ocrx_word' id='word_1_183' title='bbox 665 2578 789 2656; x_wconf 83' lang='lat' dir='ltr'><strong>gentem</strong></span> <span class='ocrx_word' id='word_1_184' title='bbox 804 2576 975 2657; x_wconf 89' lang='lat' dir='ltr'><strong>llungaram</strong></span> <span class='ocrx_word' id='word_1_185' title='bbox 991 2573 1102 2639; x_wconf 82' lang='lat' dir='ltr'><strong>atiectu</strong></span> <span class='ocrx_word' id='word_1_186' title='bbox 1117 2572 1205 2637; x_wconf 90' lang='lat' dir='ltr'><strong>modo</strong></span> <span class='ocrx_word' id='word_1_187' title='bbox 1227 2573 1318 2638; x_wconf 90' lang='lat' dir='ltr'><strong>etiam</strong></span> <span class='ocrx_word' id='word_1_188' title='bbox 1334 2578 1477 2655; x_wconf 85' lang='lat' dir='ltr'><strong>repetere</strong></span> 
     </span>
     <span class='ocr_line' id='line_1_22' title="bbox 277 2680 1478 2765; baseline 0 -22"><span class='ocrx_word' id='word_1_189' title='bbox 277 2684 310 2743; x_wconf 90' lang='lat' dir='ltr'><strong>et</strong></span> <span class='ocrx_word' id='word_1_190' title='bbox 329 2699 365 2743; x_wconf 93' lang='lat' dir='ltr'><strong>se</strong></span> <span class='ocrx_word' id='word_1_191' title='bbox 387 2698 473 2763; x_wconf 80' lang='lat' dir='ltr'><strong>qaam</strong></span> <span class='ocrx_word' id='word_1_192' title='bbox 494 2680 702 2747; x_wconf 81' lang='lat' dir='ltr'><strong>lubentissime</strong></span> <span class='ocrx_word' id='word_1_193' title='bbox 722 2682 866 2747; x_wconf 86' lang='lat' dir='ltr'><strong>ministris</strong></span> <span class='ocrx_word' id='word_1_194' title='bbox 889 2683 952 2747; x_wconf 89' lang='lat' dir='ltr'><strong>suis</strong></span> <span class='ocrx_word' id='word_1_195' title='bbox 967 2683 1169 2765; x_wconf 87' lang='lat' dir='ltr'><strong>injuncturum</strong></span> <span class='ocrx_word' id='word_1_196' title='bbox 1188 2688 1221 2747; x_wconf 87' lang='lat' dir='ltr'><strong>ut</strong></span> <span class='ocrx_word' id='word_1_197' title='bbox 1235 2682 1333 2747; x_wconf 81' lang='lat' dir='ltr'><strong>omnia</strong></span> <span class='ocrx_word' id='word_1_198' title='bbox 1349 2700 1385 2745; x_wconf 88' lang='lat' dir='ltr'><strong>ea</strong></span> <span class='ocrx_word' id='word_1_199' title='bbox 1402 2698 1478 2763; x_wconf 80' lang='lat' dir='ltr'><strong>qvae</strong></span> 
     </span>
     <span class='ocr_line' id='line_1_23' title="bbox 275 2788 1479 2875; baseline 0.003 -24"><span class='ocrx_word' id='word_1_200' title='bbox 275 2788 402 2853; x_wconf 89' lang='lat' dir='ltr'><strong>indicto</strong></span> <span class='ocrx_word' id='word_1_201' title='bbox 423 2808 492 2853; x_wconf 87' lang='lat' dir='ltr'><strong>meo</strong></span> <span class='ocrx_word' id='word_1_202' title='bbox 515 2791 681 2855; x_wconf 88' lang='lat' dir='ltr'><strong>memoriali</strong></span> <span class='ocrx_word' id='word_1_203' title='bbox 700 2792 907 2863; x_wconf 84' lang='lat' dir='ltr'><strong>inveniuntur,</strong></span> <span class='ocrx_word' id='word_1_204' title='bbox 928 2791 1036 2857; x_wconf 89' lang='lat' dir='ltr'><strong>alliatis</strong></span> <span class='ocrx_word' id='word_1_205' title='bbox 1057 2790 1225 2859; x_wconf 80' lang='lat' dir='ltr'><strong>efficaciter</strong></span> <span class='ocrx_word' id='word_1_206' title='bbox 1244 2794 1479 2875; x_wconf 78' lang='lat' dir='ltr'><strong>repraesentent</strong></span> 
     </span>
     <span class='ocr_line' id='line_1_24' title="bbox 275 2897 1476 2985; baseline -0.001 -24"><span class='ocrx_word' id='word_1_207' title='bbox 275 2902 309 2961; x_wconf 92' lang='lat' dir='ltr'><strong>et</strong></span> <span class='ocrx_word' id='word_1_208' title='bbox 319 2899 357 2962; x_wconf 89' lang='lat' dir='ltr'><strong>ad</strong></span> <span class='ocrx_word' id='word_1_209' title='bbox 371 2898 589 2982; x_wconf 87' lang='lat' dir='ltr'><strong>procurandam</strong></span> <span class='ocrx_word' id='word_1_210' title='bbox 613 2918 721 2983; x_wconf 86' lang='lat' dir='ltr'><strong>pacem</strong></span> <span class='ocrx_word' id='word_1_211' title='bbox 736 2919 795 2965; x_wconf 88' lang='lat' dir='ltr'><strong>una</strong></span> <span class='ocrx_word' id='word_1_212' title='bbox 810 2920 878 2965; x_wconf 90' lang='lat' dir='ltr'><strong>cum</strong></span> <span class='ocrx_word' id='word_1_213' title='bbox 893 2902 929 2967; x_wconf 90' lang='lat' dir='ltr'><strong>iis</strong></span> <span class='ocrx_word' id='word_1_214' title='bbox 946 2900 1115 2968; x_wconf 87' lang='lat' dir='ltr'><strong>omnimode</strong></span> <span class='ocrx_word' id='word_1_215' title='bbox 1133 2905 1337 2985; x_wconf 87' lang='lat' dir='ltr'><strong>cooperentur</strong></span> <span class='ocrx_word' id='word_1_216' title='bbox 1353 2918 1389 2963; x_wconf 91' lang='lat' dir='ltr'><strong>ac</strong></span> <span class='ocrx_word' id='word_1_217' title='bbox 1406 2897 1476 2961; x_wconf 87' lang='lat' dir='ltr'><strong>dein</strong></span> 
     </span>
     <span class='ocr_line' id='line_1_25' title="bbox 275 3006 1475 3075; baseline 0.001 -6"><span class='ocrx_word' id='word_1_218' title='bbox 275 3007 304 3070; x_wconf 92' lang='lat' dir='ltr'><strong>si</strong></span> <span class='ocrx_word' id='word_1_219' title='bbox 321 3007 425 3070; x_wconf 90' lang='lat' dir='ltr'><strong>irritus</strong></span> <span class='ocrx_word' id='word_1_220' title='bbox 441 3008 535 3072; x_wconf 84' lang='lat' dir='ltr'><strong>tuerit</strong></span> <span class='ocrx_word' id='word_1_221' title='bbox 553 3013 678 3073; x_wconf 87' lang='lat' dir='ltr'><strong>conatus</strong></span> <span class='ocrx_word' id='word_1_222' title='bbox 695 3014 729 3075; x_wconf 86' lang='lat' dir='ltr'><strong>ut</strong></span> <span class='ocrx_word' id='word_1_223' title='bbox 743 3007 852 3075; x_wconf 89' lang='lat' dir='ltr'><strong>dictam</strong></span> <span class='ocrx_word' id='word_1_224' title='bbox 869 3009 1125 3075; x_wconf 83' lang='lat' dir='ltr'><strong>assecurationem</strong></span> <span class='ocrx_word' id='word_1_225' title='bbox 1141 3008 1179 3073; x_wconf 88' lang='lat' dir='ltr'><strong>de</strong></span> <span class='ocrx_word' id='word_1_226' title='bbox 1196 3006 1375 3073; x_wconf 85' lang='lat' dir='ltr'><strong>includenda</strong></span> <span class='ocrx_word' id='word_1_227' title='bbox 1392 3009 1475 3071; x_wconf 93' lang='lat' dir='ltr'><strong>llun-</strong></span> 
     </span>
     <span class='ocr_line' id='line_1_26' title="bbox 280 3115 1478 3201; baseline 0.003 -24"><span class='ocrx_word' id='word_1_228' title='bbox 280 3116 366 3198; x_wconf 86' lang='lat' dir='ltr'><strong>garia</strong></span> <span class='ocrx_word' id='word_1_229' title='bbox 377 3116 407 3178; x_wconf 90' lang='lat' dir='ltr'><strong>in</strong></span> <span class='ocrx_word' id='word_1_230' title='bbox 420 3136 527 3199; x_wconf 88' lang='lat' dir='ltr'><strong>pacem</strong></span> <span class='ocrx_word' id='word_1_231' title='bbox 542 3116 722 3183; x_wconf 88' lang='lat' dir='ltr'><strong>Generalem</strong></span> <span class='ocrx_word' id='word_1_232' title='bbox 736 3116 887 3183; x_wconf 80' lang='lat' dir='ltr'><strong>stradeant.</strong></span> <span class='ocrx_word' id='word_1_233' title='bbox 903 3116 1025 3183; x_wconf 77' lang='lat' dir='ltr'><strong>Addidit</strong></span> <span class='ocrx_word' id='word_1_234' title='bbox 1040 3117 1177 3190; x_wconf 82' lang='lat' dir='ltr'><strong>dondnus</strong></span> <span class='ocrx_word' id='word_1_235' title='bbox 1192 3117 1230 3182; x_wconf 91' lang='lat' dir='ltr'><strong>de</strong></span> <span class='ocrx_word' id='word_1_236' title='bbox 1242 3118 1328 3201; x_wconf 88' lang='lat' dir='ltr'><strong>llgen</strong></span> <span class='ocrx_word' id='word_1_237' title='bbox 1339 3115 1478 3181; x_wconf 84' lang='lat' dir='ltr'><strong>mandata</strong></span> 
     </span>
     <span class='ocr_line' id='line_1_27' title="bbox 280 3224 1475 3311; baseline 0 -23"><span class='ocrx_word' id='word_1_238' title='bbox 280 3224 319 3288; x_wconf 91' lang='lat' dir='ltr'><strong>ad</strong></span> <span class='ocrx_word' id='word_1_239' title='bbox 340 3224 372 3289; x_wconf 92' lang='lat' dir='ltr'><strong>id</strong></span> <span class='ocrx_word' id='word_1_240' title='bbox 395 3226 568 3291; x_wconf 85' lang='lat' dir='ltr'><strong>necessaria</strong></span> <span class='ocrx_word' id='word_1_241' title='bbox 589 3226 785 3311; x_wconf 85' lang='lat' dir='ltr'><strong>undeqraqre</strong></span> <span class='ocrx_word' id='word_1_242' title='bbox 806 3227 948 3310; x_wconf 81' lang='lat' dir='ltr'><strong>expedita</strong></span> <span class='ocrx_word' id='word_1_243' title='bbox 970 3246 1056 3300; x_wconf 87' lang='lat' dir='ltr'><strong>csse;</strong></span> <span class='ocrx_word' id='word_1_244' title='bbox 1084 3227 1158 3293; x_wconf 92' lang='lat' dir='ltr'><strong>obiit</strong></span> <span class='ocrx_word' id='word_1_245' title='bbox 1177 3228 1258 3291; x_wconf 88' lang='lat' dir='ltr'><strong>inter</strong></span> <span class='ocrx_word' id='word_1_246' title='bbox 1278 3226 1355 3289; x_wconf 87' lang='lat' dir='ltr'><strong>baec</strong></span> <span class='ocrx_word' id='word_1_247' title='bbox 1371 3226 1475 3309; x_wconf 81' lang='lat' dir='ltr'><strong>lingas</strong></span> 
     </span>
     <span class='ocr_line' id='line_1_28' title="bbox 277 3333 1476 3421; baseline -0.001 -24"><span class='ocrx_word' id='word_1_248' title='bbox 277 3333 424 3397; x_wconf 83' lang='lat' dir='ltr'><strong>Comitum</strong></span> <span class='ocrx_word' id='word_1_249' title='bbox 453 3336 537 3416; x_wconf 89' lang='lat' dir='ltr'><strong>regis</strong></span> <span class='ocrx_word' id='word_1_250' title='bbox 562 3336 723 3399; x_wconf 88' lang='lat' dir='ltr'><strong>Borussiae</strong></span> <span class='ocrx_word' id='word_1_251' title='bbox 749 3335 780 3401; x_wconf 91' lang='lat' dir='ltr'><strong>in</strong></span> <span class='ocrx_word' id='word_1_252' title='bbox 804 3336 959 3401; x_wconf 89' lang='lat' dir='ltr'><strong>Hollandia</strong></span> <span class='ocrx_word' id='word_1_253' title='bbox 989 3336 1284 3421; x_wconf 80' lang='lat' dir='ltr'><strong>plenipotentias&#39;ius,</strong></span> <span class='ocrx_word' id='word_1_254' title='bbox 1314 3336 1349 3399; x_wconf 83' lang='lat' dir='ltr'><strong>b.</strong></span> <span class='ocrx_word' id='word_1_255' title='bbox 1374 3336 1409 3397; x_wconf 73' lang='lat' dir='ltr'>R</span> <span class='ocrx_word' id='word_1_256' title='bbox 1438 3333 1476 3397; x_wconf 89' lang='lat' dir='ltr'><strong>de</strong></span> 
     </span>
     <span class='ocr_line' id='line_1_29' title="bbox 278 3442 1474 3527; baseline -0.002 -22"><span class='ocrx_word' id='word_1_257' title='bbox 278 3442 462 3514; x_wconf 78' lang='lat' dir='ltr'><strong>Scbmettam</strong></span> <span class='ocrx_word' id='word_1_258' title='bbox 475 3445 561 3527; x_wconf 89' lang='lat' dir='ltr'><strong>eujus</strong></span> <span class='ocrx_word' id='word_1_259' title='bbox 579 3464 681 3507; x_wconf 87' lang='lat' dir='ltr'><strong>casum</strong></span> <span class='ocrx_word' id='word_1_260' title='bbox 694 3444 892 3509; x_wconf 85' lang='lat' dir='ltr'><strong>vehementer</strong></span> <span class='ocrx_word' id='word_1_261' title='bbox 907 3452 939 3510; x_wconf 93' lang='lat' dir='ltr'><strong>et</strong></span> <span class='ocrx_word' id='word_1_262' title='bbox 952 3446 1078 3511; x_wconf 85' lang='lat' dir='ltr'><strong>maxime</strong></span> <span class='ocrx_word' id='word_1_263' title='bbox 1093 3445 1162 3509; x_wconf 89' lang='lat' dir='ltr'><strong>ideo</strong></span> <span class='ocrx_word' id='word_1_264' title='bbox 1184 3444 1283 3516; x_wconf 85' lang='lat' dir='ltr'><strong>doleo,</strong></span> <span class='ocrx_word' id='word_1_265' title='bbox 1298 3442 1375 3527; x_wconf 86' lang='lat' dir='ltr'><strong>qrod</strong></span> <span class='ocrx_word' id='word_1_266' title='bbox 1391 3444 1425 3509; x_wconf 88' lang='lat' dir='ltr'><strong>S.</strong></span> <span class='ocrx_word' id='word_1_267' title='bbox 1440 3442 1474 3507; x_wconf 91' lang='lat' dir='ltr'><strong>V.</strong></span> 
     </span>
     <span class='ocr_line' id='line_1_30' title="bbox 275 3549 1476 3637; baseline 0 -24"><span class='ocrx_word' id='word_1_268' title='bbox 275 3549 495 3616; x_wconf 88' lang='lat' dir='ltr'><strong>addictissimus</strong></span> <span class='ocrx_word' id='word_1_269' title='bbox 517 3557 550 3616; x_wconf 91' lang='lat' dir='ltr'><strong>et</strong></span> <span class='ocrx_word' id='word_1_270' title='bbox 566 3551 800 3617; x_wconf 90' lang='lat' dir='ltr'><strong>studiosissimus</strong></span> <span class='ocrx_word' id='word_1_271' title='bbox 818 3553 918 3621; x_wconf 84' lang='lat' dir='ltr'><strong>luerit.</strong></span> <span class='ocrx_word' id='word_1_272' title='bbox 936 3554 1129 3625; x_wconf 81' lang='lat' dir='ltr'><strong>Advenerunt</strong></span> <span class='ocrx_word' id='word_1_273' title='bbox 1148 3556 1255 3637; x_wconf 84' lang='lat' dir='ltr'><strong>expost</strong></span> <span class='ocrx_word' id='word_1_274' title='bbox 1272 3551 1476 3615; x_wconf 89' lang='lat' dir='ltr'><strong>ministrorum</strong></span> 
     </span>
     <span class='ocr_line' id='line_1_31' title="bbox 276 3659 1477 3746; baseline 0.001 -24"><span class='ocrx_word' id='word_1_275' title='bbox 276 3659 427 3742; x_wconf 87' lang='lat' dir='ltr'><strong>regiorum</strong></span> <span class='ocrx_word' id='word_1_276' title='bbox 439 3660 603 3725; x_wconf 88' lang='lat' dir='ltr'><strong>relationes</strong></span> <span class='ocrx_word' id='word_1_277' title='bbox 619 3660 698 3745; x_wconf 84' lang='lat' dir='ltr'><strong>qvod</strong></span> <span class='ocrx_word' id='word_1_278' title='bbox 715 3661 890 3727; x_wconf 89' lang='lat' dir='ltr'><strong>commissas</strong></span> <span class='ocrx_word' id='word_1_279' title='bbox 906 3662 964 3728; x_wconf 89' lang='lat' dir='ltr'><strong>sibi</strong></span> <span class='ocrx_word' id='word_1_280' title='bbox 979 3684 1030 3727; x_wconf 91' lang='lat' dir='ltr'><strong>res</strong></span> <span class='ocrx_word' id='word_1_281' title='bbox 1046 3663 1232 3746; x_wconf 87' lang='lat' dir='ltr'><strong>Hungarieas</strong></span> <span class='ocrx_word' id='word_1_282' title='bbox 1248 3661 1279 3727; x_wconf 92' lang='lat' dir='ltr'><strong>in</strong></span> <span class='ocrx_word' id='word_1_283' title='bbox 1294 3660 1371 3724; x_wconf 86' lang='lat' dir='ltr'><strong>aulis</strong></span> <span class='ocrx_word' id='word_1_284' title='bbox 1393 3660 1477 3723; x_wconf 87' lang='lat' dir='ltr'><strong>allia-</strong></span> 
     </span>
     <span class='ocr_line' id='line_1_32' title="bbox 276 3768 1476 3854; baseline -0.001 -21"><span class='ocrx_word' id='word_1_285' title='bbox 276 3774 375 3833; x_wconf 87' lang='lat' dir='ltr'><strong>torum</strong></span> <span class='ocrx_word' id='word_1_286' title='bbox 391 3788 499 3833; x_wconf 90' lang='lat' dir='ltr'><strong>curare</strong></span> <span class='ocrx_word' id='word_1_287' title='bbox 509 3769 701 3853; x_wconf 87' lang='lat' dir='ltr'><strong>incoeperint</strong></span> <span class='ocrx_word' id='word_1_288' title='bbox 712 3789 790 3853; x_wconf 85' lang='lat' dir='ltr'><strong>qvae</strong></span> <span class='ocrx_word' id='word_1_289' title='bbox 801 3770 899 3835; x_wconf 89' lang='lat' dir='ltr'><strong>omnia</strong></span> <span class='ocrx_word' id='word_1_290' title='bbox 911 3770 942 3833; x_wconf 95' lang='lat' dir='ltr'><strong>in</strong></span> <span class='ocrx_word' id='word_1_291' title='bbox 953 3770 1061 3854; x_wconf 70' lang='lat' dir='ltr'><strong>singlis</strong></span> <span class='ocrx_word' id='word_1_292' title='bbox 1073 3777 1105 3836; x_wconf 91' lang='lat' dir='ltr'><strong>ct</strong></span> <span class='ocrx_word' id='word_1_293' title='bbox 1117 3769 1271 3835; x_wconf 90' lang='lat' dir='ltr'><strong>llollandia</strong></span> <span class='ocrx_word' id='word_1_294' title='bbox 1286 3769 1325 3833; x_wconf 91' lang='lat' dir='ltr'><strong>de</strong></span> <span class='ocrx_word' id='word_1_295' title='bbox 1337 3768 1476 3852; x_wconf 92' lang='lat' dir='ltr'><strong>urgendo</strong></span> 
     </span>
     <span class='ocr_line' id='line_1_33' title="bbox 277 3876 1476 3961; baseline 0.001 -21"><span class='ocrx_word' id='word_1_296' title='bbox 277 3876 315 3940; x_wconf 89' lang='lat' dir='ltr'><strong>ad</strong></span> <span class='ocrx_word' id='word_1_297' title='bbox 330 3896 436 3960; x_wconf 88' lang='lat' dir='ltr'><strong>pacem</strong></span> <span class='ocrx_word' id='word_1_298' title='bbox 451 3877 583 3941; x_wconf 78' lang='lat' dir='ltr'><strong>Caesare</strong></span> <span class='ocrx_word' id='word_1_299' title='bbox 598 3884 734 3961; x_wconf 83' lang='lat' dir='ltr'><strong>surnptae</strong></span> <span class='ocrx_word' id='word_1_300' title='bbox 758 3879 960 3945; x_wconf 84' lang='lat' dir='ltr'><strong>resolutiones</strong></span> <span class='ocrx_word' id='word_1_301' title='bbox 985 3879 1198 3946; x_wconf 80' lang='lat' dir='ltr'><strong>confirmarunt</strong></span> <span class='ocrx_word' id='word_1_302' title='bbox 1225 3884 1257 3943; x_wconf 91' lang='lat' dir='ltr'><strong>et</strong></span> <span class='ocrx_word' id='word_1_303' title='bbox 1277 3878 1366 3941; x_wconf 91' lang='lat' dir='ltr'><strong>simili</strong></span> <span class='ocrx_word' id='word_1_304' title='bbox 1387 3877 1476 3942; x_wconf 90' lang='lat' dir='ltr'><strong>modo</strong></span> 
     </span>
     <span class='ocr_line' id='line_1_34' title="bbox 276 3984 1475 4071; baseline -0.001 -21"><span class='ocrx_word' id='word_1_305' title='bbox 276 3990 337 4050; x_wconf 89' lang='lat' dir='ltr'><strong>tam</strong></span> <span class='ocrx_word' id='word_1_306' title='bbox 352 3984 543 4070; x_wconf 86' lang='lat' dir='ltr'><strong>undiquaque</strong></span> <span class='ocrx_word' id='word_1_307' title='bbox 557 3986 753 4053; x_wconf 87' lang='lat' dir='ltr'><strong>inenminatae</strong></span> <span class='ocrx_word' id='word_1_308' title='bbox 769 4008 825 4071; x_wconf 90' lang='lat' dir='ltr'><strong>pro</strong></span> <span class='ocrx_word' id='word_1_309' title='bbox 842 3987 1020 4053; x_wconf 85' lang='lat' dir='ltr'><strong>tractatibus</strong></span> <span class='ocrx_word' id='word_1_310' title='bbox 1034 3990 1066 4053; x_wconf 86' lang='lat' dir='ltr'><strong>S.</strong></span> <span class='ocrx_word' id='word_1_311' title='bbox 1081 3989 1115 4053; x_wconf 89' lang='lat' dir='ltr'><strong>V.</strong></span> <span class='ocrx_word' id='word_1_312' title='bbox 1132 4008 1182 4053; x_wconf 89' lang='lat' dir='ltr'><strong>res</strong></span> <span class='ocrx_word' id='word_1_313' title='bbox 1198 3986 1389 4053; x_wconf 88' lang='lat' dir='ltr'><strong>occasionem</strong></span> <span class='ocrx_word' id='word_1_314' title='bbox 1405 3986 1475 4049; x_wconf 92' lang='lat' dir='ltr'><strong>mibi</strong></span> 
     </span>
     <span class='ocr_line' id='line_1_35' title="bbox 277 4093 1475 4180; baseline 0.002 -23"><span class='ocrx_word' id='word_1_315' title='bbox 277 4093 426 4157; x_wconf 87' lang='lat' dir='ltr'><strong>dederunt</strong></span> <span class='ocrx_word' id='word_1_316' title='bbox 447 4094 574 4157; x_wconf 90' lang='lat' dir='ltr'><strong>animum</strong></span> <span class='ocrx_word' id='word_1_317' title='bbox 596 4102 777 4161; x_wconf 87' lang='lat' dir='ltr'><strong>convertere</strong></span> <span class='ocrx_word' id='word_1_318' title='bbox 801 4096 837 4159; x_wconf 88' lang='lat' dir='ltr'><strong>ad</strong></span> <span class='ocrx_word' id='word_1_319' title='bbox 854 4096 1052 4180; x_wconf 76' lang='lat' dir='ltr'><strong>quaerendam</strong></span> <span class='ocrx_word' id='word_1_320' title='bbox 1081 4096 1152 4161; x_wconf 89' lang='lat' dir='ltr'><strong>mihi</strong></span> <span class='ocrx_word' id='word_1_321' title='bbox 1176 4096 1338 4163; x_wconf 90' lang='lat' dir='ltr'><strong>iniunctam</strong></span> <span class='ocrx_word' id='word_1_322' title='bbox 1360 4096 1475 4177; x_wconf 86' lang='lat' dir='ltr'><strong>regiam</strong></span> 
     </span>
     <span class='ocr_line' id='line_1_36' title="bbox 274 4201 1475 4289; baseline 0 -24"><span class='ocrx_word' id='word_1_323' title='bbox 274 4201 496 4288; x_wconf 90' lang='lat' dir='ltr'><strong>protectionem</strong></span> <span class='ocrx_word' id='word_1_324' title='bbox 510 4222 602 4287; x_wconf 90' lang='lat' dir='ltr'><strong>super</strong></span> <span class='ocrx_word' id='word_1_325' title='bbox 618 4224 676 4289; x_wconf 81' lang='lat' dir='ltr'><strong>qao</strong></span> <span class='ocrx_word' id='word_1_326' title='bbox 692 4205 933 4271; x_wconf 89' lang='lat' dir='ltr'><strong>commodissima</strong></span> <span class='ocrx_word' id='word_1_327' title='bbox 948 4206 1019 4271; x_wconf 83' lang='lat' dir='ltr'><strong>milri</strong></span> <span class='ocrx_word' id='word_1_328' title='bbox 1041 4206 1139 4271; x_wconf 82' lang='lat' dir='ltr'><strong>adbuc</strong></span> <span class='ocrx_word' id='word_1_329' title='bbox 1160 4226 1231 4269; x_wconf 87' lang='lat' dir='ltr'><strong>ansa</strong></span> <span class='ocrx_word' id='word_1_330' title='bbox 1254 4224 1271 4267; x_wconf 91' lang='lat' dir='ltr'><strong>a</strong></span> <span class='ocrx_word' id='word_1_331' title='bbox 1292 4204 1413 4269; x_wconf 87' lang='lat' dir='ltr'><strong>domino</strong></span> <span class='ocrx_word' id='word_1_332' title='bbox 1438 4204 1475 4268; x_wconf 91' lang='lat' dir='ltr'><strong>de</strong></span> 
     </span>
     <span class='ocr_line' id='line_1_37' title="bbox 275 4309 1475 4399; baseline 0 -25"><span class='ocrx_word' id='word_1_333' title='bbox 275 4313 361 4394; x_wconf 90' lang='lat' dir='ltr'><strong>llgen</strong></span> <span class='ocrx_word' id='word_1_334' title='bbox 381 4309 451 4376; x_wconf 85' lang='lat' dir='ltr'><strong>data</strong></span> <span class='ocrx_word' id='word_1_335' title='bbox 472 4313 581 4377; x_wconf 83' lang='lat' dir='ltr'><strong>luerat.</strong></span> <span class='ocrx_word' id='word_1_336' title='bbox 618 4314 692 4379; x_wconf 78' lang='lat' dir='ltr'><strong>Aula</strong></span> <span class='ocrx_word' id='word_1_337' title='bbox 713 4313 863 4381; x_wconf 83' lang='lat' dir='ltr'><strong>Caesarea</strong></span> <span class='ocrx_word' id='word_1_338' title='bbox 882 4317 944 4397; x_wconf 88' lang='lat' dir='ltr'><strong>jam</strong></span> <span class='ocrx_word' id='word_1_339' title='bbox 968 4316 1079 4399; x_wconf 90' lang='lat' dir='ltr'><strong>ubique</strong></span> <span class='ocrx_word' id='word_1_340' title='bbox 1102 4313 1299 4385; x_wconf 87' lang='lat' dir='ltr'><strong>credebatur,</strong></span> <span class='ocrx_word' id='word_1_341' title='bbox 1316 4314 1475 4396; x_wconf 83' lang='lat' dir='ltr'><strong>ilungaros</strong></span> 
     </span>
    </p>
   </div>
   <div class='ocr_carea' id='block_1_3' title="bbox 275 4421 1474 4618">
    <p class='ocr_par' dir='ltr' id='par_1_3' title="bbox 275 4421 1474 4618">
     <span class='ocr_line' id='line_1_38' title="bbox 275 4421 1474 4508; baseline 0.001 -24"><span class='ocrx_word' id='word_1_342' title='bbox 275 4421 440 4486; x_wconf 75' lang='lat' dir='ltr'><strong>&#39;furcarum</strong></span> <span class='ocrx_word' id='word_1_343' title='bbox 471 4423 578 4486; x_wconf 80' lang='lat' dir='ltr'><strong>auxilia</strong></span> <span class='ocrx_word' id='word_1_344' title='bbox 608 4442 757 4505; x_wconf 87' lang='lat' dir='ltr'><strong>quaerere</strong></span> <span class='ocrx_word' id='word_1_345' title='bbox 784 4425 830 4489; x_wconf 85' lang='lat' dir='ltr'><strong>rel</strong></span> <span class='ocrx_word' id='word_1_346' title='bbox 859 4426 921 4508; x_wconf 85' lang='lat' dir='ltr'><strong>jam</strong></span> <span class='ocrx_word' id='word_1_347' title='bbox 952 4423 1120 4489; x_wconf 85' lang='lat' dir='ltr'><strong>obtinuisse</strong></span> <span class='ocrx_word' id='word_1_348' title='bbox 1147 4428 1179 4487; x_wconf 90' lang='lat' dir='ltr'><strong>et</strong></span> <span class='ocrx_word' id='word_1_349' title='bbox 1205 4423 1253 4487; x_wconf 79' lang='lat' dir='ltr'><strong>lais</strong></span> <span class='ocrx_word' id='word_1_350' title='bbox 1281 4421 1474 4486; x_wconf 89' lang='lat' dir='ltr'><strong>ministerium</strong></span> 
     </span>
     <span class='ocr_line' id='line_1_39' title="bbox 278 4530 1474 4618; baseline 0 -22"><span class='ocrx_word' id='word_1_351' title='bbox 278 4531 465 4596; x_wconf 90' lang='lat' dir='ltr'><strong>Wiennense</strong></span> <span class='ocrx_word' id='word_1_352' title='bbox 491 4551 526 4595; x_wconf 90' lang='lat' dir='ltr'><strong>se</strong></span> <span class='ocrx_word' id='word_1_353' title='bbox 553 4530 732 4605; x_wconf 84' lang='lat' dir='ltr'><strong>excusabat,</strong></span> <span class='ocrx_word' id='word_1_354' title='bbox 764 4538 836 4616; x_wconf 89' lang='lat' dir='ltr'><strong>qrot</strong></span> <span class='ocrx_word' id='word_1_355' title='bbox 864 4531 945 4618; x_wconf 81' lang='lat' dir='ltr'><strong>(sic)</strong></span> <span class='ocrx_word' id='word_1_356' title='bbox 967 4532 1079 4597; x_wconf 86' lang='lat' dir='ltr'><strong>Caesar</strong></span> <span class='ocrx_word' id='word_1_357' title='bbox 1105 4533 1200 4599; x_wconf 89' lang='lat' dir='ltr'><strong>nullas</strong></span> <span class='ocrx_word' id='word_1_358' title='bbox 1227 4532 1256 4598; x_wconf 90' lang='lat' dir='ltr'><strong>in</strong></span> <span class='ocrx_word' id='word_1_359' title='bbox 1286 4532 1398 4597; x_wconf 88' lang='lat' dir='ltr'><strong>ltaliam</strong></span> <span class='ocrx_word' id='word_1_360' title='bbox 1426 4538 1474 4596; x_wconf 87' lang='lat' dir='ltr'><strong>aut</strong></span> 
     </span>
    </p>
   </div>
   <div class='ocr_carea' id='block_1_4' title="bbox 0 0 1564 5084">
    <p class='ocr_par' dir='ltr' id='par_1_4' title="bbox 0 0 1564 5084">
     <span class='ocr_line' id='line_1_40' title="bbox 0 0 1564 5084; baseline 0 0"><span class='ocrx_word' id='word_1_361' title='bbox 0 0 1564 5084; x_wconf 95' lang='lat' dir='ltr'><strong> </strong></span> 
     </span>
    </p>
   </div>
  </div>
 </body>
</html>
