3117 5084
848 602 919 665 ¹09.

530 742 687 807 Bericbt
715 744 933 809 Klement's
961 765 1009 808 au
1039 742 1225 827 Rdlrdcxy.

641 888 828 963 Londino,
847 888 899 959 16.
918 890 996 958 Oct.
1017 888 1115 957 1711.

374 1064 407 1134 S.
420 1066 455 1134 V.
472 1066 504 1131 in
519 1067 677 1153 duplicatis
697 1070 773 1134 meis
790 1070 829 1133 de
845 1070 915 1133 dato
934 1068 986 1139 18.
1001 1068 1087 1153 Sept.
1104 1066 1256 1133 uberrime
1273 1072 1304 1131 et
1315 1066 1474 1129 humillime

283 1193 321 1237 eo
335 1194 431 1260 usque
446 1181 637 1260 peractorum
652 1180 763 1243 seriem
779 1180 917 1245 enarravi
933 1198 1007 1263 qvae
1023 1178 1055 1243 in
1072 1177 1162 1243 dubio
1184 1195 1361 1260 suspensam
1383 1192 1475 1257 nego-

283 1282 437 1347 tiationem
469 1284 549 1349 clare
577 1286 830 1357 demonstrarunt.
876 1288 964 1352 Nunc
996 1308 1032 1352 ea
1067 1306 1142 1372 qvae
1174 1286 1282 1350 exinde
1312 1288 1476 1348 euenerunt

285 1389 553 1475 obsequentissime
574 1414 726 1479 exponere
749 1395 878 1478 obligor.
916 1394 1069 1479 Urgebam
1090 1400 1186 1459 status
1207 1392 1424 1465 secretarium,
1444 1394 1476 1455 ut

284 1504 440 1581 acceptato
456 1502 620 1565 memoriali
635 1522 751 1567 mecum
767 1504 909 1567 conferre
931 1524 966 1568 ac
990 1504 1205 1568 resolutionem
1226 1501 1382 1585 positivam
1406 1518 1475 1563 suae

283 1606 450 1689 blajestalis
466 1608 603 1674 obtinere
620 1631 657 1674 eo
673 1613 769 1693 magis
786 1612 973 1695 dignaretur,
991 1610 1068 1696 qvod
1084 1612 1234 1675 interesse
1247 1610 1325 1678 S.V.
1342 1608 1475 1671 absolute

283 1715 394 1797 exigat,
411 1720 443 1780 ut
459 1720 579 1800 cognita
595 1717 762 1785 alliatorum
776 1722 931 1787 uoluntate
947 1720 1111 1785 seeundum
1136 1738 1199 1783 eam
1216 1717 1308 1783 rebus
1325 1718 1389 1781 suis
1405 1734 1476 1800 pro·

283 1822 404 1905 spicere
425 1826 529 1909 possit.
569 1828 644 1893 27²
667 1829 857 1913 Septembris
878 1829 1027 1894 destinata
1049 1829 1105 1893 l'uit
1124 1848 1180 1912 pro
1202 1826 1390 1891 conferentia
1412 1842 1475 1887 curn

284 1937 381 1997 status
408 1936 573 2000 secretario
598 1936 715 2002 domino
739 1939 785 2004 St.
808 1938 827 2003 J
834 1938 923 2012 obn;
951 1958 1054 2003 rerum
1076 1942 1269 2022 posteaquam
1290 1935 1365 1999 satis
1387 1936 1476 2015 longo

284 2048 492 2126 expectassem
504 2049 650 2130 tempore,
661 2048 734 2110 mihi
746 2048 850 2112 dicere
863 2048 987 2121 curauit,
1000 2049 1179 2112 austriorum
1191 2047 1323 2129 legatum
1338 2043 1476 2110 comitem

285 2149 323 2212 de
336 2149 437 2214 Gallos
453 2158 649 2238 conquestum
665 2155 771 2229 fuisse,
789 2156 866 2240 quod
882 2156 988 2238 regina
1002 2156 1034 2221 S.
1044 2156 1079 2223 V.
1098 2156 1267 2219 emissarios
1282 2154 1394 2223 audiat,
1411 2150 1476 2215 tali-

283 2258 339 2322 bus
355 2259 473 2345 quidem
489 2282 557 2326 cum
572 2264 803 2329 circumstantiis
820 2270 852 2327 ut
867 2262 1059 2329 dubitandum
1076 2264 1205 2335 nonsit,
1222 2282 1289 2327 eum
1306 2283 1367 2325 uon
1384 2262 1476 2326 solum

284 2369 516 2451 negotiationem
533 2372 588 2435 sed
604 2378 636 2437 et
652 2392 761 2437 nomen
776 2393 874 2438 meum
890 2392 994 2439 verum
1011 2378 1041 2437 et
1059 2372 1278 2457 supposititium
1300 2372 1400 2443 scire,
1422 2368 1476 2433 sibi

282 2496 424 2561 perquam
440 2485 556 2561 gratum
569 2481 663 2546 luisse
675 2482 786 2565 agebat
797 2486 892 2547 status
903 2482 1097 2553 secretarius,
1111 2481 1188 2565 qvod
1200 2500 1227 2545 c.
1238 2478 1338 2545 Galles
1352 2498 1477 2543 assecu-

280 2605 348 2648 rare
360 2588 500 2668 potuerit,
511 2608 559 2652 me
572 2610 631 2653 non
647 2589 770 2663 vidisse,
787 2612 852 2655 reru
868 2592 992 2674 exigere
1008 2596 1040 2654 ut
1056 2590 1153 2654 omnia
1170 2607 1253 2674 quam
1271 2588 1475 2653 secretissime

278 2700 477 2777 peragantur,
494 2704 655 2783 expectare
671 2720 746 2783 ergo
762 2721 811 2764 me
827 2700 941 2765 debere
957 2699 1085 2764 reditum
1102 2718 1186 2763 suum
1202 2719 1239 2761 ex
1251 2698 1335 2767 aula,
1352 2696 1408 2760 sed
1421 2716 1475 2760 nec

280 2807 342 2866 tum
359 2804 428 2888 quid
445 2802 629 2889 cathegorici
646 2807 784 2873 obtinere
801 2810 900 2894 potui,
926 2810 1053 2894 quinimo
1070 2828 1107 2871 ex
1123 2806 1325 2890 responsoriis
1338 2804 1476 2887 judicare

280 2912 384 2994 coepi,
407 2914 502 2977 aulam
524 2932 584 2978 non
607 2916 753 2981 inclinare
774 2917 812 2981 ad
836 2918 964 2984 dandum
989 2918 1078 2982 ullum
1095 2932 1281 3000 responsum.
1313 2913 1360 2978 Ne
1377 2918 1476 2978 nmen

279 3017 310 3080 in
325 3038 392 3083 mea
408 3020 548 3105 opinione
563 3024 713 3098 tallerrer,
727 3046 794 3090 cum
811 3026 937 3091 dominis
950 3025 1099 3090 Stratiord
1112 3030 1143 3089 et
1153 3024 1304 3089 Robinson
1319 3022 1477 3107 aliquoties

280 3128 411 3201 contuli,
436 3132 651 3198 assecurabunt
675 3135 793 3218 quidem
816 3156 874 3200 non
898 3156 964 3199 eam
980 3156 1052 3203 esse
1068 3134 1185 3201 consilii
1201 3139 1252 3199 aut
1266 3134 1394 3217 reginae
1411 3132 1477 3217 opi·

280 3235 408 3309 nionem,
425 3243 458 3302 et
472 3260 538 3303 rem
553 3261 570 3304 a
585 3246 681 3305 status
699 3244 866 3309 secretario
882 3243 1067 3328 dependere,
1084 3248 1118 3308 ut
1132 3244 1157 3309 is
1174 3242 1329 3326 negotium
1351 3240 1477 3307 consilio

279 3344 365 3426 regio
389 3352 535 3429 exponat;
558 3368 627 3412 eum
648 3350 788 3416 obrutum
815 3353 968 3417 laboribus
989 3352 1119 3417 libenter
1139 3354 1241 3436 plures
1266 3351 1398 3422 euitare,
1421 3348 1476 3413 sed

279 3451 354 3515 satis
370 3453 452 3518 clare
467 3453 666 3539 indigitabunt
681 3463 790 3525 statum
804 3462 836 3527 S.
850 3462 885 3526 V.
902 3462 994 3545 longe
1010 3462 1098 3525 alium
1114 3480 1184 3525 esse
1201 3480 1286 3544 qvam
1303 3459 1430 3524 durante
1446 3460 1477 3522 in

281 3559 430 3642 ilungaria
451 3560 549 3635 bello,
571 3566 782 3631 mediationem
806 3568 966 3633 difficulter
982 3568 1081 3633 domui
1098 3569 1264 3634 austriacae
1281 3566 1319 3631 ob
1335 3567 1477 3631 Satbma-

279 3666 410 3730 rieusem
437 3673 596 3736 mactatum
624 3675 726 3739 oll'erri
757 3696 866 3761 posse,
900 3682 931 3742 et
959 3677 1137 3742 uidebantur
1164 3675 1370 3741 Secretarium
1398 3675 1477 3738 nolle

281 3791 448 3854 agnoscere
469 3779 665 3846 ministerium
681 3784 817 3868 inprimis
834 3806 890 3871 per
906 3786 1140 3851 Kdrtrelessium
1157 3786 1190 3849 S.
1208 3784 1243 3849 V.
1261 3790 1293 3847 et
1308 3781 1477 3845 confoede—

279 3882 353 3944 ratis
376 3882 460 3949 datas
482 3893 733 3963 assecurationes.
766 3895 910 3960 Existimo
928 3896 1022 3959 aulam
1039 3894 1136 3959 studio
1153 3892 1189 3956 ad
1206 3898 1321 3957 certam
1338 3892 1377 3955 de
1399 3896 1477 3954 statu

281 3986 395 4054 Czareo
412 3992 649 4061 informationem
666 4002 763 4065 omnia
778 4004 931 4088 hucusque
944 4003 1193 4088 procrastinusso,
1207 4007 1239 4066 et
1253 4002 1322 4065 dum
1341 4000 1426 4063 uidet
1442 4019 1477 4062 se

280 4096 352 4166 nihil
379 4101 578 4169 uerisimiliter
601 4107 709 4174 timere
728 4112 842 4177 debere
858 4113 1054 4177 ministerium
1075 4110 1113 4176 ob
1130 4111 1224 4175 dictas
1241 4111 1270 4173 in
1287 4108 1477 4194 praeceden-

280 4205 360 4270 tibus
382 4209 458 4273 meis
478 4214 610 4279 rationes
633 4217 751 4283 domum
775 4223 953 4286 austriacam
977 4220 1131 4286 offendere
1154 4241 1213 4283 uon
1229 4220 1301 4283 uult.
1333 4218 1477 4281 Dubitant

280 4334 318 4376 an
336 4314 448 4381 Czarus
463 4320 672 4388 mediationem
689 4327 815 4392 ulterius
832 4330 1034 4401 continuabit,
1051 4348 1108 4393 uec
1124 4328 1210 4392 ualde
1226 4328 1301 4411 ipsis
1318 4326 1430 4410 placet,
1447 4330 1477 4387 et

281 4422 383 4486 nescio
409 4426 477 4509 qrid
500 4431 689 4514 suspicantur
705 4435 744 4499 de
759 4437 885 4503 loedere
901 4440 934 4507 S.
952 4440 987 4507 V.
1006 4456 1072 4503 cum
1090 4436 1194 4507 Cxaro,
1212 4434 1250 4499 de
1266 4454 1323 4519 quo
1339 4436 1478 4497 minister

281 4529 449 4598 Caesareus
466 4536 503 4600 ab
515 4537 614 4624 aliquo
627 4546 763 4629 tempore
774 4547 898 4612 multum
910 4548 1068 4613 declamat.
1087 4546 1205 4611 Interea
1216 4542 1288 4609 mihi
1301 4541 1477 4613 evadebant,
