3117 5084
1204 354 1255 428 19

151 528 263 613 Elapso
280 534 386 613 postea
401 528 500 593 triduo
513 548 569 612 per
580 528 717 593 Eundem
729 530 828 593 Duum
840 528 1066 593 Pensionarium
1078 528 1144 592 Dno
1157 529 1267 592 Baroui

53 636 97 700 de
108 636 281 703 Weldereu
293 638 374 701 DJ).
389 637 533 701 Ordinum
550 637 723 701 Secretario
737 637 885 702 deductus
901 658 978 709 sum,
995 637 1053 709 cui,
1070 642 1155 700 uteo
1171 637 1268 719 magis

53 747 119 809 Res
132 752 166 809 et
177 746 339 828 Negotium
355 750 449 810 totum
461 746 698 816 innotescerent,
712 766 772 808 non
784 747 878 808 solum
887 747 1046 810 veracium
1060 745 1267 808 Constantium

53 854 188 926 tradidi,
212 855 268 918 sed
285 859 317 918 et
332 855 497 918 secundum
518 853 777 917 manuductionem
794 854 1002 919 instructionis
1025 854 1140 924 omnia,
1164 859 1195 917 et
1217 853 1268 930 illa

54 962 152 1025 ctiam
176 982 254 1047 quae
269 962 301 1026 in
316 963 422 1046 Anglia
439 964 481 1027 uti
499 964 529 1027 in
543 962 796 1045 praecedentibus
813 968 947 1035 exstant,
969 962 1156 1034 dammare,
1182 963 1266 1026 lucu-

54 1071 163 1135 lenter
178 1072 332 1155 proposui,
349 1092 384 1136 ac
398 1071 518 1135 tandem
531 1072 584 1135 23.
596 1071 707 1155 Aprilis
723 1077 901 1157 sequentem
915 1072 1020 1155 accepi
1029 1071 1268 1135 Resolutionem:

152 1178 339 1243 Foederatos
362 1179 474 1261 Belgos
505 1179 671 1243 Serenitati
695 1179 775 1243 Vrae
803 1184 835 1244 et
857 1180 992 1245 statibus
1020 1180 1138 1244 debitas
1164 1185 1268 1263 grates

55 1306 215 1373 reponere
232 1306 287 1371 pro
304 1286 487 1351 confidentia
503 1287 534 1349 iu
554 1308 588 1351 se
604 1287 719 1371 posita,
736 1288 903 1353 ruminasse
919 1310 953 1352 sc
969 1290 1044 1353 Rem
1060 1295 1092 1353 et
1107 1290 1269 1373 Negotium

55 1397 268 1481 propositum,
293 1414 328 1460 se
344 1396 422 1460 nelle
446 1396 504 1459 imo
527 1396 663 1461 omnibus
684 1396 779 1460 modis
797 1398 828 1461 in
845 1418 881 1460 eo
900 1418 981 1471 esse,
997 1404 1030 1462 ut
1045 1398 1156 1462 bellom
1172 1399 1268 1462 hocce

56 1504 239 1569 intestinum
266 1504 345 1567 hona
367 1525 443 1588 pace
466 1510 677 1588 componatur,
699 1504 755 1568 sed
778 1511 809 1571 ct
831 1506 952 1578 dolere,
981 1506 1059 1590 quod
1088 1508 1145 1570 alia
1170 1506 1269 1570 media

56 1614 230 1677 adinveniri
242 1634 301 1677 nou
313 1614 467 1698 potuerint
479 1614 516 1679 ad
529 1614 746 1698 perficiendum
759 1635 834 1699 opus
846 1614 915 1687 hoc,
926 1620 1048 1699 praeter
1062 1636 1108 1686 ea,
1121 1634 1197 1699 quac
1207 1615 1269 1698 jam

56 1723 213 1805 inAnglia
225 1722 415 1806 suppeditata
431 1728 511 1795 sunt,
524 1722 652 1787 suadere
668 1742 703 1786 se
719 1724 822 1808 itaque
838 1724 1002 1787 Serenitati
1010 1724 1102 1794 Vrae,
1116 1728 1148 1788 ut
1159 1726 1271 1806 puncta

44 1833 155 1903 ·l1aee,
178 1831 205 1894 si
225 1828 292 1894 lieri
308 1831 456 1914 potuerit,
479 1831 596 1895 mitiora
612 1831 735 1896 Caesari
753 1835 970 1916 proponantur,
988 1831 1068 1915 quod
1084 1831 1136 1895 uhi
1160 1830 1270 1895 sactum

60 1940 170 2013 fuerit,
186 1940 340 2003 Ministros
356 1960 426 2004 suos
448 1940 479 2003 in
501 1940 669 2005 commissis
685 1940 811 2012 habere,
834 1946 867 2003 ut
883 1940 1044 2023 Negotium
1063 1945 1094 2004 et
1109 1940 1269 2003 Tractatus

58 2050 185 2115 omuino
210 2054 422 2133 promoveant;
440 2050 482 2113 Se
503 2049 688 2134 superhaec
704 2050 885 2115 Serenitatis
902 2051 982 2114 Vrae
997 2048 1222 2114 Resolutionem
1239 2054 1271 2113 et

61 2164 178 2243 puncta
198 2162 307 2242 quanto
332 2178 423 2242 ocyus
448 2178 504 2243 per
520 2178 568 2223 me
585 2159 771 2243 expedienda
789 2163 1027 2244 exspectaturos,
1045 2180 1079 2223 ae
1091 2158 1187 2222 modis
1204 2178 1269 2222 om-

59 2267 152 2332 nihus
170 2266 336 2339 adfuturos,
354 2271 384 2329 et
400 2266 565 2332 rationibus
578 2268 682 2333 validis
698 2269 757 2331 imo
775 2268 902 2334 sortibus
916 2268 1077 2333 Caesarem
1089 2268 1125 2331 ad
1144 2268 1269 2332 conclu-

61 2375 195 2439 dendam
212 2376 321 2439 Pacem
337 2375 522 2449 inducturos,
540 2382 570 2440 et
588 2377 705 2461 quando
723 2377 845 2461 quidem
861 2376 1047 2441 Gubernium
1063 2376 1271 2440 llollandicum

63 2486 186 2549 Literas
209 2484 416 2567 responsorias
439 2485 511 2548 dare
536 2505 595 2548 nou
616 2486 795 2569 permittat,
818 2506 854 2549 eo
876 2485 955 2571 quod
980 2504 1034 2548 eae
1052 2505 1119 2549 cum
1136 2485 1267 2567 cujusvis

65 2590 417 2676 Prouinciaelleputatis
432 2593 512 2678 quod
525 2598 624 2658 tamen
635 2595 667 2657 in
679 2594 735 2659 hoc
743 2595 873 2677 Negatio
891 2598 996 2679 utpote
1006 2598 1128 2657 secrete
1141 2593 1269 2676 agendo,

64 2700 135 2764 lieri
152 2721 211 2764 non
227 2701 340 2784 possit,
365 2702 577 2767 communicari
594 2700 741 2776 debeant,
757 2704 874 2767 Ducem
889 2703 928 2767 de
943 2701 1176 2785 ldarlcborough
1192 2702 1269 2766 haec

64 2809 419 2874 omuiaSerenitatinae
432 2812 680 2895 perscripturum,
688 2810 908 2896 properandum
923 2816 1021 2875 tamen
1037 2830 1117 2882 esse,
1135 2811 1270 2896 quiaPax

66 2940 133 2983 cum
146 2917 245 2983 Gallo.
262 2917 361 2982 Retuli
376 2919 452 2983 haec
469 2920 566 2986 omnia
578 2920 655 2984 Daci
672 2920 711 2983 de
727 2919 973 3002 Marleborough‚
990 2920 1040 3004 qui
1057 2920 1110 2984 27.
1124 2919 1269 3001 Ejusdem

66 3048 122 3093 nos
139 3026 282 3091 advocari
298 3027 381 3099 fecit,
398 3048 433 3092 ao
445 3027 584 3112 repetitis
602 3026 737 3091 omnibus
749 3028 798 3100 iis,
814 3047 891 3113 quae
907 3028 938 3090 in
949 3027 1055 3109 Anglia
1072 3032 1103 3091 et
1115 3028 1269 3092 llollandia

65 3136 234 3202 secuudum
257 3136 493 3220 suprascriptum
510 3135 653 3200 Ordinem
669 3136 801 3202 resoluta
815 3142 895 3209 suut,
911 3136 1096 3199 assecuravit
1112 3134 1150 3198 de
1166 3156 1220 3199 sua
1236 3141 1269 3200 et

64 3248 202 3329 Reginae
211 3248 244 3308 ut
252 3245 326 3309 etD.
334 3244 371 3308 D.
382 3243 953 3309 OrdinumsineeraSeranitatemVram
958 3244 1080 3326 jurandi
1091 3244 1267 3317 intentione,

65 3375 143 3440 quae
157 3352 269 3417 nullam
282 3353 456 3437 neglectura
469 3353 508 3417 sit
524 3354 713 3417 occasionem
726 3352 763 3417 ad
776 3358 843 3417 rota
856 3374 909 3416 sua
925 3354 1056 3416 infucata
1069 3352 1266 3418 effectoanda.

158 3462 242 3526 Haec
254 3468 323 3527 sunt
335 3482 411 3547 quae
419 3461 581 3525 Serenitati
595 3466 714 3527 vestrae
732 3461 944 3527 communicari
960 3460 1129 3525 debuerunt
1145 3466 1177 3525 et
1188 3482 1263 3547 quo-

64 3593 131 3637 rum
149 3576 272 3637 caetera
287 3576 357 3655 post
371 3570 501 3635 reditum
517 3576 648 3635 nostrum
662 3572 833 3635 Berolinom
846 3572 877 3633 in
888 3570 1031 3654 Epistolis
1047 3572 1121 3634 meis
1138 3571 1262 3635 uberius

69 3683 258 3753 reseruntur,
274 3700 324 3744 me
341 3679 521 3745 Serenitatis
537 3685 656 3745 vestrae
673 3680 795 3745 Gratiae
810 3679 1031 3743 commendans.

639 3858 690 3925 18.

310 3985 472 4051 Bericht
495 3986 705 4051 desselben
730 4007 773 4050 aa
797 3983 1022 4051 denselben.

460 4093 595 4165 Gedauo‚
616 4095 667 4158 12.
684 4094 765 4179 duay
783 4092 882 4157 1709.

161 4224 239 4305 Quas
256 4221 292 4285 ad
310 4222 342 4287 S.
356 4222 390 4287 V.
412 4222 463 4287 18.
477 4221 543 4305 lllay
560 4221 725 4306 duplicatas
743 4221 862 4285 exarari
879 4221 996 4285 litteras
1013 4240 1064 4284 eas
1082 4220 1114 4283 S.
1128 4219 1164 4283 V.
1179 4238 1268 4282 acce-

67 4334 152 4418 pisse
179 4332 264 4394 firma
293 4352 349 4416 spe
375 4336 492 4395 teneor.
541 4331 729 4414 Scripseram
761 4333 792 4394 in
818 4330 924 4395 iisdem
953 4330 1050 4392 aulam
1079 4328 1268 4392 Borussicam

70 4441 235 4507 intellectis
257 4460 292 4502 er
318 4440 387 4504 Ser.
404 4440 439 4504 v.
464 4440 502 4503 de
524 4439 592 4503 dato
616 4438 647 4505 4.
666 4460 730 4524 apr.
756 4437 971 4502 intentionibus
996 4437 1034 4501 de
1049 4435 1181 4501 ineundo
1203 4456 1271 4498 cum

70 4552 178 4619 Turcis
201 4548 327 4613 loedere
349 4548 415 4613 aS.
431 4549 467 4614 V.
484 4552 601 4633 petere,
618 4554 650 4613 ut
672 4549 821 4613 declinata
842 4547 1025 4632 aliquantum
1049 4545 1181 4610 foederis
1204 4564 1271 4609 cum

102 4660 197 4707 ronta.
218 4658 286 4704 auru.
300 4660 326 4704 u.
343 4657 385 4703 nu.
402 4658 469 4703 xvir.
1013 4654 1032 4706 a
