3117 5084
289 324 367 399 228

286 504 324 567 Je
341 524 378 566 no
395 503 488 567 doute
503 522 568 585 pas,
584 500 654 585 qv'it
672 522 710 565 ne
727 503 756 564 te
771 503 853 567 fosse
871 518 925 584 por
940 499 1110 583 plusieures
1126 498 1259 570 rnisons;
1277 498 1312 562 V.
1328 497 1364 560 Α.
1381 496 1486 559 faisant

287 633 319 675 sn
331 613 400 674 Pair
416 631 527 695 pourra
538 611 690 693 tontsjour
705 610 818 673 former
835 630 893 675 une
909 608 1026 692 grande
1043 607 1140 691 partie
1152 627 1189 669 en
1200 606 1335 689 Hongrie
1349 610 1380 669 et
1392 605 1486 687 pintot

288 720 376 804 qv’en
401 718 452 803 n'y
473 723 556 782 etant
578 738 634 802 pos
658 738 693 781 se
715 736 882 783 conserver
903 716 957 781 des
979 715 1052 779 omis
1077 715 1152 779 taire
1176 712 1325 778 observor
1345 732 1383 777 oe
1399 713 1485 797 qr'on

288 834 521 913 prommettoro,
545 828 628 910 jouir
649 826 705 890 des
728 847 780 890 ses
801 847 932 891 revenus
948 826 1055 889 etate
1071 823 1112 887 tin
1129 828 1196 888 etre
1212 829 1280 907 pret
1296 844 1313 887 n
1330 822 1487 887 msintenir

288 936 448 1018 t'ttongrie
469 956 509 998 en
529 955 581 998 ons
604 932 674 1019 qr‘it
698 935 798 998 nrrive
824 934 952 1019 oretque
972 938 1052 999 mort
1066 933 1222 1017 impreme
1236 932 1276 995 de
1292 930 1486 1015 l'Empereur

287 1066 325 1109 ao
346 1046 406 1108 lieu
426 1044 453 1107 si
471 1044 505 1108 V.
522 1046 557 1109 A.
574 1044 607 1109 S.
630 1041 712 1107 s‘ost
734 1043 807 1107 hors
828 1046 867 1109 de
882 1045 951 1107 Pais
968 1048 1000 1107 et
1013 1062 1084 1106 sons
1100 1060 1268 1127 espernnoe
1283 1041 1336 1126 d'y
1352 1048 1485 1105 entrera

288 1156 373 1219 soree
388 1158 524 1217 ourerte.
553 1151 589 1216 11⁸
599 1143 768 1236 Emperenr
778 1160 810 1219 et
825 1173 880 1220 son
897 1152 1055 1217 ministere
1072 1150 1183 1218 somno
1198 1172 1255 1237 par
1269 1172 1324 1215 ros
1339 1170 1486 1215 rerenues

287 1270 319 1327 et
340 1284 415 1327 ceux
436 1263 476 1327 de
492 1267 578 1326 votre
594 1263 690 1346 parti,
712 1264 885 1345 enoournge
907 1283 963 1346 pnr
978 1282 1034 1327 son
1050 1262 1127 1334 exit,
1148 1261 1313 1327 introdnirn
1329 1262 1357 1325 si
1371 1260 1443 1325 bien
1457 1263 1487 1325 tr

287 1373 473 1457 despotisms
490 1372 560 1457 qr'it
577 1372 653 1435 taire
668 1370 809 1435 deeiorer
825 1373 854 1435 te
871 1375 1022 1457 Roynume
1037 1372 1221 1438 hereditnire
1236 1390 1292 1436 aur
1308 1373 1434 1436 semmes
1449 1372 1487 1436 de

288 1482 361 1546 tette
377 1482 512 1544 moriere
527 1500 585 1565 qve
602 1481 630 1544 to
646 1481 780 1563 Hoogrie
796 1486 827 1545 et
844 1500 941 1545 meme
958 1483 985 1545 tn
1002 1482 1118 1546 maison
1134 1480 1173 1545 de
1188 1481 1224 1546 V.
1241 1482 1275 1544 Α.
1293 1488 1400 1546 seront
1415 1501 1487 1565 prr·

288 1592 363 1656 dues
381 1612 452 1655 sons
468 1610 646 1664 rossouroe;
662 1589 833 1673 (rependant
849 1592 875 1654 si
891 1593 926 1656 V.
945 1593 978 1656 Α.
996 1614 1015 1675 y
1035 1612 1105 1656 sera
1121 1612 1160 1657 on
1175 1610 1274 1655 meme
1297 1610 1337 1655 en
1353 1592 1487 1673 Potogne

287 1698 480 1765 accommode
496 1720 570 1763 aree
586 1698 620 1763 S.
637 1700 677 1763 or.
694 1698 723 1763 J.
747 1699 815 1762 Ette
831 1698 956 1765 n'osera
973 1720 1026 1784 pas
1042 1700 1119 1763 inire
1134 1698 1189 1765 des
1211 1700 1387 1784 privations.
1419 1699 1488 1763 iton

286 1812 352 1873 rete
367 1830 416 1872 me
431 1810 485 1873 fnit
500 1810 602 1893 parter
617 1808 833 1891 Monseignenr
848 1811 975 1895 puisqve
995 1810 1029 1892 je
1050 1810 1130 1873 orois
1154 1830 1212 1894 qve
1235 1808 1319 1875 o'est
1352 1808 1488 1892 t'nniqre

287 1920 386 1982 moien
403 1917 441 1981 de
458 1937 566 1980 sauvor
581 1918 627 1979 les
643 1916 747 1980 debris
762 1917 801 1980 de
818 1922 905 1982 notre
923 1916 1034 1982 liberte
1050 1924 1223 1990 mourante,
1246 1924 1278 1983 et
1293 1919 1312 1982 Γ
1319 1918 1489 2003 Empereur

290 2048 328 2093 en
345 2027 435 2091 nitent
451 2026 583 2110 prendre
599 2026 775 2107 possession
793 2024 963 2108 d'Hongrie
980 2025 1107 2091 n'osera
1122 2046 1177 2112 pso
1195 2027 1316 2091 refuser
1337 2026 1488 2092 l'seoom-

289 2134 461 2199 modement
476 2152 532 2196 anx
547 2133 664 2215 priores
681 2131 736 2196 des
751 2132 876 2197 Prinoes
893 2133 931 2197 de
947 2132 1093 2217 l'Empire
1105 2139 1138 2198 ot
1148 2134 1188 2197 dn
1200 2132 1278 2198 Crsr
1293 2152 1352 2219 qve
1364 2133 1402 2199 V.
1413 2134 1488 2199 A&

288 2268 309 2330 y
323 2251 398 2329 peut
413 2262 551 2326 engager
566 2262 605 2305 en
621 2241 731 2305 faisant
745 2246 916 2306 remontrer
932 2241 1001 2326 qv'it
1019 2242 1044 2305 s'
1054 2243 1119 2324 agit
1133 2243 1172 2307 de
1183 2244 1250 2308 teor
1261 2244 1386 2308 interet.
1413 2244 1490 2308 Pom

287 2376 325 2419 oe
338 2352 437 2437 qv'est
452 2353 490 2415 de
506 2372 552 2415 mn
569 2350 771 2433 negotiator,
793 2351 853 2415 elte
874 2356 923 2415 est
947 2370 1059 2417 encore
1077 2372 1116 2417 en
1137 2352 1320 2437 eqviroqno,
1345 2357 1378 2417 et
1399 2354 1421 2416 it
1443 2372 1489 2415 me

290 2462 406 2526 semble
429 2459 517 2545 qr'on
539 2462 567 2524 in
589 2464 661 2524 veut
683 2460 797 2523 treiner
820 2480 858 2523 en
875 2462 1032 2543 longveur.
1065 2460 1139 2546 J'ay
1154 2482 1193 2527 vn
1209 2462 1366 2525 ovanthier
1381 2460 1486 2525 Uitori

288 2570 458 2642 Robinson3
485 2570 506 2632 il
532 2589 581 2631 me
603 2568 723 2633 deotaro
745 2572 924 2641 nettement‚
946 2588 1019 2654 qve,
1043 2572 1089 2635 les
1111 2571 1230 2635 nffoires
1251 2570 1290 2635 du
1307 2570 1386 2635 Czsr
1411 2572 1488 2635 aiom

289 2680 423 2763 change,
446 2699 485 2742 on
509 2679 617 2749 doute.
643 2677 711 2762 qr'it
735 2677 914 2744 s'interesse
937 2700 1014 2764 pour
1037 2681 1071 2745 V.
1092 2681 1145 2754 A..
1169 2680 1290 2745 doivent
1310 2681 1426 2745 retirer
1440 2700 1488 2744 ser

288 2797 435 2874 tronpnes
450 2790 489 2852 de
504 2790 534 2852 in
548 2790 692 2872 Potogne.
724 2788 764 2851 te
780 2790 831 2872 luy
848 2809 885 2875 oy
901 2789 1048 2873 reponou.
1065 2810 1123 2873 qve
1142 2792 1176 2874 je
1192 2787 1261 2854 n'on
1277 2792 1398 2855 sonrois
1415 2791 1488 2858 rien,

291 2899 364 2961 mais
381 2897 451 2982 qv'it
470 2900 515 2962 tes
531 2898 667 2982 pourooit
682 2917 699 2960 o
715 2895 888 2980 l’tiremple
904 2898 942 2963 du
959 2900 1023 2981 Roy
1039 2899 1077 2962 de
1093 2898 1195 2963 Svodo
1210 2904 1319 2963 mettre
1336 2920 1376 2963 en
1393 2900 1490 2983 Quar-

291 3007 350 3070 tier
376 3005 508 3091 d’hyver
529 3025 568 3069 on
589 3004 720 3075 Silesie,
744 3004 779 3086 je
802 3004 866 3090 t'oy
886 3006 952 3090 prio
975 3008 1091 3072 ensrite
1121 3008 1160 3071 de
1181 3008 1296 3073 voutoir
1317 3006 1452 3073 m'nider
1475 3030 1490 3071 a

291 3114 410 3179 obtenir
427 3114 505 3177 deux
520 3114 646 3185 choses.
663 3113 897 3197 premierement
914 3117 941 3178 ln
957 3116 1118 3182 mediation
1136 3136 1173 3181 ou
1189 3116 1267 3182 bons
1282 3116 1390 3182 offioer
1408 3116 1447 3181 de
1465 3118 1490 3179 tr

292 3224 376 3288 reine
391 3243 502 3306 nupres
517 3224 551 3287 S.
567 3222 608 3286 M.
624 3222 653 3287 J.
671 3226 759 3286 oront
775 3242 830 3287 son
846 3229 1084 3289 conronnoment
1098 3244 1137 3289 en
1153 3225 1304 3309 Hongrie.
1321 3226 1352 3287 2.
1374 3224 1489 3289 t’assu·

290 3354 384 3397 rnnoe
400 3333 439 3396 de
455 3354 530 3397 nous
545 3329 746 3416 comprendre
761 3331 837 3396 dans
858 3332 884 3396 lo
908 3334 977 3416 pnix
993 3335 1148 3417 generate.
1180 3333 1255 3419 J'ay
1276 3334 1395 3417 ajoute,
1419 3332 1488 3417 qv'it

291 3462 360 3527 yvo
375 3442 416 3505 de
437 3443 465 3505 lo
487 3442 626 3522 Religion
649 3446 682 3505 et
702 3460 801 3504 meme
817 3440 856 3506 de
884 3440 1024 3506 t'lnteret
1044 3442 1083 3506 de
1110 3442 1190 3507 tenir
1211 3442 1286 3506 dnos
1308 3444 1354 3507 tes
1376 3442 1490 3507 bornen

290 3550 441 3632 legitimos
465 3553 492 3613 to
514 3552 675 3635 poissanoe
695 3550 939 3623 austrichienne,
963 3552 1225 3639 qrobsffrinoes
1241 3550 1491 3637 d'nllemngney

291 3658 506 3722 oonoonriront
522 3679 636 3741 ponrvu
652 3678 711 3743 qve
728 3657 951 3743 i'Angletterre
974 3660 1044 3725 s'en
1061 3660 1171 3726 veuilte
1187 3662 1292 3725 meter.
1325 3661 1406 3725 Pour
1422 3682 1490 3725 mon

291 3766 424 3849 premier
451 3767 536 3849 point
559 3766 578 3829 n
602 3787 640 3829 en
668 3769 789 3831 oonrint
811 3774 843 3833 et
864 3768 934 3853 qv'it
959 3770 1053 3834 ssttoit
1076 3790 1111 3833 so
1130 3768 1227 3841 hoter,
1249 3771 1376 3854 pnisqve
1398 3792 1489 3855 apres

290 3873 563 3941 t'ntiermissemnnt
585 3873 779 3961 t'Emperenr
802 3899 842 3941 ne
864 3898 931 3942 sera
954 3898 1009 3963 ons
1032 3880 1058 3942 si
1074 3878 1242 3949 naimone.
1266 3878 1340 3941 mnis
1361 3899 1421 3964 qve
1444 3882 1488 3945 ier

290 3982 441 4048 ministres
465 3990 518 4050 ont
539 3991 606 4050 etos
630 3992 851 4052 extremement
865 4008 1017 4073 oocupees
1039 3994 1071 4054 et
1093 3988 1185 4053 n'ont
1201 4009 1254 4072 pos
1269 4009 1326 4072 pus
1343 4010 1488 4073 songero

289 4110 354 4153 meo
381 4092 514 4165 otinires,
539 4092 610 4177 qv'it
638 4094 683 4158 ies
707 4096 849 4179 oppniern
873 4095 941 4180 qv'it
967 4098 1043 4161 etoit
1064 4116 1135 4181 vray
1157 4096 1246 4181 qv'on
1268 4118 1285 4161 o
1306 4098 1439 4182 compris
1461 4098 1487 4160 tn

291 4199 416 4271 Silesie,
439 4220 496 4284 qve
515 4204 549 4285 je
565 4203 613 4286 toy
630 4223 667 4286 ay
683 4206 802 4287 atlegve
817 4205 891 4269 (lons
909 4207 936 4269 tn
952 4206 1020 4288 pair
1042 4207 1080 4269 de
1098 4206 1274 4277 Westfntie,
1298 4208 1372 4270 mnis
1399 4204 1485 4291 qv'nn

290 4308 424 4371 ministre
439 4306 549 4374 s’etnnt
564 4310 656 4375 inisse
672 4332 799 4395 gagner,
816 4334 833 4377 a
850 4315 928 4379 otors
945 4314 1121 4379 sbondonnt
1137 4320 1169 4379 et
1184 4313 1303 4379 snoritit
1316 4316 1343 4378 ta
1355 4316 1486 4379 Boheme

282 4422 322 4488 ,ot
334 4414 506 4491 l'Autriohe,
519 4420 608 4504 qr'on
619 4422 682 4487 doit
696 4426 778 4487 touts
791 4424 878 4504 jours
895 4424 1049 4497 orsindro;
1067 4425 1086 4488 il
1105 4425 1205 4507 ojonts
1217 4422 1315 4488 d'etre
1327 4424 1487 4510 permade,

291 4524 378 4608 qr’on
394 4528 471 4591 taire
486 4526 742 4606 des'sembtobles
756 4533 962 4615 propositions
979 4552 1015 4597 ou
1032 4534 1164 4606 'froitte,
1188 4531 1319 4618 qr'alors
1335 4535 1364 4598 te
1387 4532 1488 4618 projet
