3117 5084
1220 293 1296 364 119

192 464 276 528 llaec
297 467 330 527 et
353 463 408 528 alia
428 463 669 534 ratiotiuantihus
692 465 825 530 Eosdem
846 465 878 528 in
900 464 1012 550 optima
1026 466 1231 552 Dispositione
1246 487 1302 551 pro

53 569 243 636 Servitiis
260 572 440 639 Serenitatis
457 573 584 638 Vestrae
603 574 713 658 reliqui
735 580 767 638 et
782 575 866 656 llaga
883 574 1030 638 Comitum
1046 595 1186 649 mouens,
1203 576 1301 640 Bero-

52 677 192 742 linum
205 679 292 751 redii,
307 701 342 744 ac
354 682 435 745 Suae
446 682 560 764 Regiae
573 682 722 766 Majestati
735 683 914 748 relationem
927 684 1042 747 taciens
1053 683 1161 748 Eidem
1173 705 1227 768 pro
1241 694 1301 748 tam

58 787 342 854 clementissima
358 789 527 854 assistentia
543 790 705 857 humillime
716 791 830 874 gratias
843 791 904 874 egi,
918 811 995 874 quae
1010 792 1077 876 ipsa
1090 791 1210 856 easdem
1224 812 1301 855 con-

58 897 232 968 formes,
259 917 332 982 quas
348 898 380 960 in
395 897 549 965 Hollaudia
564 897 744 971 hahuerunt,
762 899 801 962 de
818 899 999 963 Serenitatis
1014 899 1143 964 Vestrae
1160 901 1253 964 rehus
1270 907 1303 964 et

62 1005 259 1072 interessis
281 1005 374 1073 hahet
389 1005 589 1078 intentiones,
605 1012 729 1090 praeter
745 1005 825 1094 (sic)
842 1008 972 1072 'furcam
995 1008 1069 1072 dicit
1092 1009 1171 1072 euim
1194 1009 1302 1072 melius

67 1135 171 1180 asse
182 1115 286 1182 ultima
295 1115 435 1183 Remedia
446 1116 579 1198 experiri
592 1117 680 1200 quam
691 1121 752 1180 tam
764 1115 874 1181 brutali
885 1116 1064 1190 Ministerio,
1077 1117 1120 1181 uti
1128 1117 1301 1183 Viennense

70 1229 157 1297 est,
174 1245 210 1288 se
226 1224 414 1289 concredere
433 1225 499 1288 siue
511 1225 684 1298 securitate,
702 1224 817 1290 dehere
833 1229 935 1293 tamen
948 1225 1151 1290 Serenitatem
1162 1225 1302 1296 Vestram

76 1352 188 1416 quam
205 1333 350 1396 citissime
366 1353 475 1415 agere,
498 1353 575 1417 quae
590 1335 663 1407 vult,
679 1354 718 1398 ne
734 1334 834 1398 Alliati
855 1333 1046 1399 occasionem
1070 1332 1200 1397 habeant
1224 1334 1301 1398 haec

79 1441 198 1504 omnia
220 1440 299 1525 apud
321 1442 435 1516 'furcas
458 1442 653 1526 impediendi.
686 1443 741 1511 llic
763 1463 838 1509 saue
853 1444 917 1508 lter
941 1443 1038 1508 omnia
1054 1463 1109 1529 pro
1127 1441 1300 1507 serenitate

79 1550 210 1616 Vestra
225 1570 260 1616 se
272 1551 420 1616 iacturum
433 1553 581 1634 promisit,
595 1571 671 1636 quae
682 1551 860 1618 modernum
872 1557 990 1636 tempus
1001 1532 1103 1617 lacere
1117 1553 1300 1637 permiserit.

190 1661 274 1724 llaec
289 1665 358 1724 sunt
375 1661 576 1725 Serenissime
592 1661 738 1747 Princeps
761 1681 838 1745 quae
858 1661 1016 1748 hucusque
1032 1661 1197 1726 secundum
1215 1680 1300 1726 man-

89 1766 274 1832 ductionem
289 1769 497 1832 instructionis
513 1768 616 1834 lacere
632 1768 731 1842 licuit,
755 1788 835 1832 nunc
858 1767 930 1830 nihil
947 1765 1027 1832 eliud
1042 1772 1195 1852 superest,
1213 1768 1301 1854 pam

86 1881 128 1942 ut
165 1878 331 1942 Serenitati
359 1878 487 1943 Vestrae
514 1878 714 1942 Personarum
742 1878 794 1962 qui
826 1877 897 1940 huic
923 1873 1052 1958 Negotio
1086 1876 1300 1953 interfuerunt,

88 1977 308 2050 characterem
320 1984 419 2069 prouti
430 1986 493 2050 llos
505 1985 627 2070 quidem
639 2004 828 2070 cognoscere
840 1984 926 2051 licuit
935 1984 1126 2050 Fidelissimd
1142 2004 1298 2068 exponam.

192 2095 256 2159 Dur
276 2094 315 2158 de
337 2094 587 2178 Marlehorough,
612 2095 661 2178 qui
683 2115 739 2180 per
760 2093 909 2160 sactiones
932 2093 962 2159 in
976 2094 1084 2176 huglia
1100 2114 1135 2156 se
1160 2113 1300 2176 magnum

87 2205 203 2270 tacere
220 2204 291 2276 uult,
307 2205 380 2270 satis
397 2204 579 2271 Serenitatis
595 2204 724 2269 Vestrae
738 2203 1006 2267 conservationem
1022 2204 1141 2288 quaerit
1158 2207 1189 2269 et
1205 2206 1299 2286 optat,

90 2313 136 2378 ch
155 2335 228 2378 suas
244 2319 345 2378 tamen
361 2313 464 2384 tricas,
481 2331 554 2396 quas
571 2331 640 2378 cum
655 2312 772 2397 Regina
789 2316 821 2376 et
836 2313 1025 2377 Parlameuto
1043 2312 1202 2376 occasione
1220 2310 1300 2374 Con-

92 2421 197 2486 eionis
213 2421 353 2486 Doctoris
369 2415 536 2489 Schaverel'
558 2421 677 2496 hahuit,
699 2422 825 2504 incapax
848 2420 963 2484 reditus
980 2420 1127 2502 allegiua
1150 2418 1300 2502 quidpiam

92 2528 267 2602 obtinendi,
284 2531 350 2611 eius
361 2534 463 2593 tamen
476 2529 614 2592 auxilium
626 2536 695 2613 post
707 2529 764 2592 Dei
779 2532 810 2591 et
822 2526 910 2592 erari
925 2527 1071 2612 imprimis
1083 2527 1298 2591 necessarium.

191 2639 403 2704 Pensiouarius
427 2657 482 2702 seu
500 2637 600 2721 potius
615 2637 771 2704 Hollandia
786 2637 953 2720 hoglorum
969 2640 1073 2720 partes
1089 2637 1148 2700 hoc
1163 2637 1194 2699 iu
1210 2654 1301 2719 passu

95 2751 278 2830 sequentur,
301 2765 360 2810 nou
376 2750 503 2810 noceret
517 2745 588 2810 huic
605 2745 759 2814 utrumvel
776 2743 834 2808 duo
851 2764 924 2811 uasa
939 2744 1000 2808 vini
1020 2745 1152 2806 mittere.

191 2853 308 2938 ltlylord
319 2852 502 2926 Towusend,
518 2852 636 2918 iuturus
652 2854 765 2936 primus
782 2852 868 2919 Pacis
885 2850 1187 2935 Plenipotentiarius,
1210 2852 1299 2918 homo

95 2963 355 3029 desinteressatua
376 2965 408 3024 et
432 2959 529 3024 honus
545 2959 732 3029 Christianus
757 2959 855 3027 omma
871 2965 904 3022 et
919 2957 992 3024 rerd
1011 2957 1083 3024 zeto
1101 2964 1133 3022 et
1147 2959 1299 3043 Principio

95 3073 230 3138 lionoris
247 3071 348 3136 iaciat.

191 3181 334 3245 Dominus
356 3179 532 3244 Schmettau
559 3179 628 3242 olim
657 3178 827 3244 cesssare
854 3179 886 3240 iu
914 3176 1025 3241 Silesia
1053 3174 1299 3260 persecutionem

99 3311 219 3375 passus,
236 3291 342 3354 Eidem
358 3290 494 3354 inimicus
512 3292 569 3360 est,
586 3287 642 3351 aed
659 3292 691 3351 ct
707 3287 755 3352 hic
772 3308 810 3352 ex
825 3286 976 3370 Principio
994 3283 1213 3349 Christianismi
1236 3285 1300 3368 agit

99 3405 133 3464 et
146 3399 269 3463 multum
284 3399 389 3470 seruit,
406 3398 566 3462 autoritate
578 3397 671 3480 Regis
689 3398 788 3469 utens,
801 3415 889 3481 quam
904 3415 983 3459 nuuc
999 3392 1136 3458 Hollandi
1152 3413 1299 3458 reveren-

100 3510 161 3577 tur,
178 3506 382 3570 necessarium
399 3505 466 3576 erit,
482 3505 553 3568 huic
569 3505 683 3587 aliquot
698 3523 768 3568 uasa
785 3502 856 3566 boui
873 3502 934 3566 vini
951 3501 1120 3565 ermittere.

190 3615 418 3681 Berolinensem
432 3615 536 3679 hulam
553 3612 632 3699 quod
649 3613 774 3685 attinet,
799 3611 842 3677 uti
859 3611 923 3695 jam
939 3631 1029 3696 supra
1045 3609 1116 3682 dixi,
1132 3609 1212 3680 Rex,
1241 3629 1298 3674 ceu

101 3723 246 3805 Princeps
266 3722 412 3804 justitiam
439 3742 557 3796 amans,
582 3722 660 3806 pius,
684 3725 715 3785 et
738 3725 770 3784 ut
792 3740 857 3785 rem
874 3719 969 3784 dicam
987 3719 1165 3784 Caesaream
1181 3716 1298 3792 odiens,

101 3831 282 3898 Serenitatis
295 3831 422 3896 Vestrae
439 3831 568 3915 optimus
584 3830 697 3897 amicus
714 3835 773 3902 est,
797 3835 829 3896 et
844 3830 911 3894 lere
928 3833 991 3893 tota
1005 3828 1091 3903 Aula,
1108 3826 1156 3892 cui
1173 3827 1295 3910 negotia

102 3941 336 4015 concreduutur,
352 3941 425 4023 Ejus
442 3941 624 4018 intentiones
641 3939 786 4024 sequitur.

190 4051 300 4117 Comes
312 4050 351 4116 de
364 4050 579 4132 Wartenherg,
592 4069 750 4133 supremus
766 4049 860 4131 Regis
877 4047 1065 4112 Camerarius
1090 4050 1122 4110 et
1137 4045 1299 4112 Primarius

102 4161 204 4226 Statum
211 4153 1296 4240 llinister‚homosincerus,sednonadeosagas,omnihustacileaunuit.

190 4268 335 4332 Dominus
356 4288 429 4332 rero
454 4267 551 4332 Baron
575 4265 614 4329 de
634 4265 737 4347 llgen,
760 4285 817 4349 per
840 4283 931 4350 quem
954 4281 1058 4326 omnes
1081 4259 1297 4344 Expeditiones

103 4379 185 4450 liunt,
200 4377 320 4442 ridetur
334 4377 407 4445 mihi
420 4375 599 4461 Imperatori
614 4373 749 4438 addictus
766 4393 848 4444 esse,
865 4369 1002 4439 omnihus
1018 4369 1097 4433 enim
1113 4368 1297 4452 propositio-

105 4485 188 4554 nihns
206 4487 294 4558 meis,
311 4505 433 4571 semper
449 4482 617 4549 conharius
633 4481 715 4548 risus
732 4487 789 4546 est.
823 4477 992 4563 Optandum
1009 4476 1129 4562 quidem
1148 4476 1244 4552 toret,
1266 4481 1299 4541 ut
