3117 5084
1191 375 1266 450 175

77 563 253 621 convertere
276 564 449 633 teneantur;
474 582 531 624 neo
556 560 664 624 deesse
687 559 798 643 ubique
820 560 986 622 nnn-ianae
1009 558 1107 622 domui
1133 558 1269 619 homines

78 667 123 748 qvi
140 685 177 729 ne
193 668 256 732 sors
271 670 340 732 tatia
357 674 461 733 contra
478 690 543 733 eam
559 670 682 733 consilia
698 667 866 732 omnimodo
882 668 1028 752 impedire
1041 671 1197 731 conentur.
1222 666 1268 728 De

78 775 168 857 Regio
182 796 278 860 prono
293 779 391 845 animo
408 780 440 843 S.
454 780 490 844 V.
508 799 680 863 persuasam
697 798 764 842 esse
782 797 887 862 posse,
912 782 1020 841 statum
1044 776 1129 840 antae
1146 776 1212 859 ejus
1229 774 1268 837 ita

77 890 289 969 comparatum,
312 893 346 951 ut
360 890 397 951 ad
413 889 560 952 dictorum
576 890 780 973 projectorum
797 887 1016 971 expeditionem
1037 905 1132 969 pauca
1154 884 1269 951 contri-

77 993 167 1059 buere
192 998 306 1079 possit,
333 998 511 1063 obstrictum
538 998 667 1062 eundem
697 997 795 1062 adhuc
822 1018 891 1061 esse
915 996 1015 1060 domui
1039 996 1206 1060 austriacas
1230 993 1269 1057 ob

76 1104 237 1187 aliquorum
252 1105 411 1170 Buhemico
430 1108 517 1172 tenda
534 1116 566 1171 et
581 1107 777 1171 infallibiiiter
798 1108 908 1171 nntium
924 1108 1012 1170 atium
1030 1124 1113 1189 qvam
1131 1103 1268 1169 Carnium

77 1212 284 1296 imperatorem
311 1217 440 1281 eiectum
467 1218 522 1287 iri.
550 1217 758 1300 Mogontinnm
785 1222 879 1281 totum
908 1220 1048 1301 qnantum
1078 1215 1269 1284 austriorum,

78 1323 288 1386 Trevirensem
312 1333 342 1389 et
364 1326 530 1391 Palatinum
552 1326 712 1390 Eiectores
731 1328 923 1411 imperatoris
947 1330 1091 1410 cognatos
1114 1324 1163 1387 hio
1189 1324 1269 1386 enirn

78 1430 265 1515 Neoimrgns,
278 1434 328 1497 itte
340 1434 554 1519 botharingus‚
567 1436 685 1501 domum
697 1437 942 1500 Hannoreronam
954 1457 991 1499 cx
1003 1442 1090 1520 pacto
1104 1432 1271 1499 austriacas

77 1548 173 1608 rutum
191 1544 264 1608 dere
279 1547 388 1617 teneri,
405 1547 543 1611 Caroium
560 1569 616 1611 ceu
631 1566 738 1629 regem
754 1548 915 1611 Bohemiae
932 1566 966 1611 se
983 1548 1077 1631 ipsum
1102 1544 1270 1608 nominatu-

77 1672 150 1725 rum,
165 1654 327 1726 Sarouon,
345 1675 381 1719 eo
399 1656 476 1739 qvod
494 1656 583 1719 titiam
598 1658 790 1740 imperatoris
807 1678 860 1740 pro
876 1656 936 1719 filio
953 1677 1006 1719 sno
1023 1655 1142 1725 ambiat,
1166 1670 1271 1716 rocem

77 1780 155 1824 snam
179 1782 240 1825 non
260 1762 477 1846 denegaturum
503 1786 560 1828 neo
576 1786 681 1848 regem
696 1766 857 1829 Borussiae
873 1768 968 1829 sotum
984 1766 1030 1828 his
1044 1765 1180 1829 omnibus
1197 1782 1271 1826 con·

75 1873 192 1934 nuriari
212 1874 291 1936 reite
315 1879 366 1937 aut
387 1894 488 1958 posse.
525 1876 557 1938 in
574 1877 618 1939 rei
635 1877 762 1941 veritate
780 1875 898 1959 quidem
916 1896 1001 1946 esse,
1019 1876 1157 1939 Carnium
1175 1872 1271 1937 omnia

76 1978 179 2045 uitiatis
196 1978 329 2056 debere,
346 1986 401 2049 sed
417 1986 573 2049 continuas
589 1986 805 2050 austriacorum
832 1987 1031 2049 ministrorum
1056 1984 1135 2068 apud
1156 1984 1272 2048 altiatos

76 2089 164 2154 tuisse
181 2094 444 2175 exaggerationes,
461 2096 576 2159 uitiatus
593 2096 717 2158 muitum
734 2094 847 2159 debere
862 2094 968 2160 Carolo
982 2094 1096 2179 quodie
1113 2112 1271 2177 personam

76 2219 154 2262 suam
172 2200 211 2263 ad
228 2201 266 2264 iis
282 2204 529 2286 complacendum
545 2205 636 2268 tantis
648 2204 822 2288 exposuerit
834 2204 987 2288 periculis,
997 2205 1093 2289 ipsum
1105 2202 1272 2288 principem

77 2308 165 2372 tuisse
188 2293 257 2393 pria
273 2311 360 2375 modo
377 2313 442 2375 sine
456 2314 596 2397 Hispania
618 2334 694 2376 nnus
716 2332 734 2376 e
757 2315 891 2377 maximis
917 2315 1034 2377 iuturus
1057 2317 1122 2376 crat
1139 2318 1170 2375 et
1187 2313 1271 2375 attin-

75 2421 169 2481 torum
181 2418 319 2499 ejusdem
329 2420 360 2482 in
368 2420 509 2504 Hispania
521 2424 774 2487 manutentionem
787 2423 956 2507 requirere,
971 2426 1002 2486 et
1013 2422 1071 2486 hoc
1084 2442 1158 2504 ergo
1173 2421 1272 2505 capite

78 2546 168 2609 pauca
180 2528 299 2612 sperari
311 2548 412 2613 posse,
425 2532 539 2595 attiatos
552 2551 607 2616 pro
619 2531 653 2595 S.
663 2532 698 2596 V.
713 2533 812 2599 omnia
823 2534 968 2605 tacturos,
983 2552 1057 2617 qvae
1074 2532 1161 2595 bonis
1176 2530 1273 2594 modis

76 2639 106 2698 et
119 2636 175 2700 niis
192 2636 259 2700 fieri
275 2642 426 2721 poterunt.
459 2638 639 2712 Eorundem,
657 2648 688 2706 ut
705 2647 736 2706 et
752 2642 843 2724 Regis
860 2644 905 2706 sui
927 2643 1063 2707 sinceras
1089 2642 1271 2705 intentiones

76 2764 141 2809 esse
156 2767 217 2810 nec
234 2766 291 2830 per
312 2748 378 2813 ilios
400 2748 555 2835 hucusque
578 2753 709 2815 stetisse·
725 2751 802 2835 qvod
826 2774 882 2836 pax
906 2754 936 2815 in
958 2752 1110 2833 Hungaria
1132 2752 1273 2814 conctusa

77 2874 132 2917 non
147 2856 252 2927 suerit,
269 2856 415 2922 obtulisse
430 2859 525 2923 dictas
542 2862 691 2944 potentias
707 2881 796 2925 unam
808 2863 855 2926 vei
868 2860 941 2926 duas
954 2866 1023 2925 ante
1036 2865 1160 2924 mortem
1177 2860 1273 2943 impe-

76 2964 182 3027 ratoris
193 2964 376 3048 septimanas
389 2968 420 3029 in
432 2966 561 3032 fortibus
572 2971 708 3033 terminis
717 2990 773 3054 pro
786 2990 861 3054 poce
871 2972 1040 3053 Hungarica
1053 2970 1274 3039 mediationem,

75 3074 235 3135 uerisimite
261 3095 346 3146 esse,
370 3076 493 3141 eosdem
517 3080 614 3142 omnia
636 3081 714 3164 apud
738 3080 876 3145 Carotum
901 3100 976 3165 qvae
993 3078 1146 3164 possibitia
1163 3078 1275 3141 inerint

75 3185 204 3254 acturos,
222 3185 437 3267 experientiam
452 3193 553 3250 tamen
568 3187 722 3273 hucusque
737 3190 889 3262 docuisse,
906 3211 990 3274 qvam
1008 3208 1110 3273 parurn
1126 3188 1274 3252 sinceram

77 3291 272 3356 intentionem
288 3295 430 3358 austriaci
442 3316 565 3380 semper
575 3297 751 3372 habuerint:
768 3301 933 3364 aitiatorum
947 3301 1092 3363 ethorum
1106 3305 1274 3363 exterarum

76 3401 276 3480 potentiarum
299 3402 444 3465 rationem
460 3408 555 3467 status
572 3424 755 3488 exposcere,
778 3412 811 3471 ut
828 3412 933 3491 pacate
950 3428 1016 3472 cum
1033 3408 1149 3471 niustria
1167 3407 1273 3470 sinant.

77 3506 165 3592 Sespn'
188 3509 299 3572 exinde
323 3530 376 3574 eos
396 3511 434 3577 ob
459 3514 638 3596 Hungariam
661 3515 773 3578 nulium
798 3515 909 3579 betium
932 3517 1069 3581 nustriae
1093 3516 1228 3579 indicere
1245 3518 1277 3577 et

76 3616 167 3679 sotum
190 3616 301 3683 officiis
319 3622 426 3702 juvare
441 3641 552 3705 posse,
573 3643 632 3687 nec
652 3622 749 3687 rideri
768 3624 836 3687 iilos
853 3624 1011 3689 intantum
1029 3626 1228 3690 diversionem
1245 3624 1276 3685 in

77 3727 285 3808 septentrione
306 3728 354 3791 rei
378 3728 496 3793 oriente
519 3731 628 3794 timere
651 3730 786 3804 debere,
807 3734 876 3795 dum
898 3752 979 3797 mors
995 3734 1070 3799 haec
1085 3732 1275 3819 imperatoris

78 3837 276 3899 certocertius
298 3856 403 3918 pacem
427 3837 647 3903 admaturatura
671 3842 719 3905 sit.
752 3842 783 3904 ln
801 3842 991 3906 coniminum
1010 3844 1071 3925 jam
1094 3844 1277 3909 conveniunt

79 3940 178 4008 Gallus
203 3949 235 4008 et
257 3945 367 4018 uitiati,
391 3966 430 4008 ne
451 3968 562 4011 corona
578 3949 741 4033 Hispanico
763 3950 889 4033 imperio
906 3957 938 4014 et
952 3953 1042 4016 terris
1066 3952 1275 4015 haereditariis

79 4052 287 4136 conjungatur,
312 4074 348 4119 ac
369 4054 439 4122 ideo
463 4076 566 4139 pacem
583 4059 718 4141 proxime
734 4060 918 4132 conclusam,
935 4063 1023 4125 etuti
1036 4060 1175 4143 judicare
1191 4061 1275 4131 lieet,

79 4156 220 4224 famosum
236 4162 277 4224 ita
299 4160 411 4226 dictum
428 4164 558 4248 Partage
573 4167 745 4233 Tractatum
770 4175 989 4253 reassumptum
1006 4176 1037 4233 et
1053 4176 1209 4234 executum
1226 4169 1275 4242 iri,

79 4275 233 4354 utramque
256 4276 372 4355 partem
395 4272 477 4337 bello
494 4276 605 4341 fessam
621 4284 652 4340 et
667 4276 835 4363 sumptibus
857 4278 1027 4343 exlraustam
1050 4300 1135 4353 esse;
1161 4280 1276 4346 alliatos

81 4378 196 4459 quidem
217 4370 552 4446 habere'validissimas
576 4384 634 4449 hoo
658 4406 734 4449 anno
751 4386 782 4449 in
797 4386 956 4451 Brabontia
973 4388 1090 4471 copias,
1115 4389 1167 4451 sed
1192 4391 1274 4472 qnasi

81 4491 182 4550 contra
199 4508 298 4550 muros
315 4492 347 4551 et
362 4508 495 4572 aggeres
512 4495 715 4577 campagniam
731 4494 876 4559 inchoare
892 4496 1017 4567 debere,
1032 4502 1063 4560 et
1075 4498 1149 4561 adeo
1162 4498 1274 4580 gratis-

79 4594 182 4659 simum
199 4597 234 4660 iis
251 4599 393 4671 tutorum,
409 4599 497 4664 mocio
512 4599 680 4667 honorabili
696 4610 756 4669 tam
772 4610 897 4669 cruento
914 4604 995 4677 helio
1007 4606 1096 4671 tinem
1108 4608 1272 4691 imponere.
