3117 5084
1223 353 1274 425 le

61 528 229 597 nimum
247 549 331 597 suam
358 531 494 615 plenarie
511 530 671 597 collocent.
695 532 824 617 Aeuepit
839 533 906 597 llux
926 532 1047 597 Literas
1073 530 1110 595 ad
1129 530 1277 614 Reginam

64 642 103 703 et
121 658 158 703 se
173 640 375 724 pertinentes,
392 640 430 705 ad
442 641 478 705 ll.
492 642 529 705 D.
547 640 678 705 Ordines
691 640 859 705 Generales
873 641 1017 715 directas,
1033 660 1162 706 meeum
1177 640 1275 706 Sere-

65 747 178 813 nitatis
195 748 275 813 Vnae
297 748 385 815 nobis
400 749 542 821 tradidit.
566 769 657 815 unum
673 766 742 815 esse
758 750 917 834 inquiens,
941 756 974 817 ut
995 750 1062 815 illas
1076 750 1275 835 perieramus.

65 856 197 925 Dictum
209 858 331 943 quidem
344 858 623 925 fuitCeleitudinem
632 860 722 924 Suam
734 859 790 924 liei
800 859 957 923 maximum
968 859 1086 943 ponms
1097 858 1276 929 addituram,

69 966 102 1031 si
123 965 260 1033 officium
281 968 340 1035 hee
368 969 400 1033 in
421 988 456 1033 se
478 988 599 1035 sumere
627 968 846 1051 benignissime
864 968 988 1052 dignate
1009 968 1119 1033 tuerit:
1147 966 1280 1033 Subrisit

65 1074 141 1139 Dux
166 1082 199 1141 et
221 1076 300 1143 haee
319 1078 351 1143 in
366 1077 470 1161 Belgis
487 1096 546 1142 non
561 1076 604 1143 ita
619 1076 669 1160 agi
685 1096 776 1161 posse
791 1077 921 1141 emeruit
936 1073 1158 1161 (subintellexit
1173 1074 1277 1146 eredo,

67 1182 110 1247 D.
129 1183 168 1247 D.
188 1184 320 1249 Ordines
343 1185 402 1251 lsou
424 1186 502 1251 male
525 1188 777 1271 interpretaturos
799 1206 835 1251 ae
850 1186 877 1250 si
890 1186 982 1269 Angli
998 1185 1126 1269 alituram
1141 1185 1277 1269 speeiem

66 1290 209 1357 Dominii
232 1294 279 1359 rel
305 1292 434 1361 llundati
458 1294 516 1359 sihi
544 1292 751 1381 arrogarent).
798 1296 975 1359 interesse
1002 1294 1096 1358 omni
1109 1291 1276 1359 offioiorum

68 1418 200 1467 uerum
217 1400 341 1469 Genere
357 1424 416 1470 non
431 1404 611 1469 defuturum.
945 1412 949 1419 ’

169 1510 403 1577 Ceneludendee
426 1513 512 1579 Faeis
536 1512 748 1583 Conditioues,
774 1530 900 1596 quarum
922 1516 957 1577 ut
979 1516 1011 1577 et
1033 1509 1126 1577 tutius
1149 1508 1277 1575 exhibiti

70 1619 193 1704 Seripti
210 1621 297 1685 Paria
312 1621 368 1687 sub
384 1622 443 1687 hit.
460 1658 505 1671 -
520 1626 649 1694 exstant,
665 1621 803 1705 protinus
817 1622 906 1704 legit.
921 1640 996 1706 quas
1011 1626 1112 1687 tamen
1133 1620 1176 1685 ita
1195 1618 1277 1683 dilli-

70 1728 153 1793 eiles
174 1748 246 1795 esse
261 1729 352 1803 dixit,
368 1735 401 1796 ut
416 1732 464 1797 vix
479 1731 597 1816 sperari
614 1735 714 1815 ualeat,
727 1732 831 1795 Aulam
839 1732 1043 1795 Viennensem
1058 1730 1096 1795 iia
1118 1749 1277 1794 aasume-

70 1840 185 1911 turem,
201 1836 257 1903 sed
272 1842 428 1925 aeeeptatu
441 1839 626 1905 mediatione
638 1838 743 1912 Panis,
758 1840 931 1905 Treetatum
946 1858 1004 1923 per
1025 1838 1181 1903 biennium
1202 1856 1278 1923 pro·->

71 1950 241 2011 traetumm
254 1952 286 2013 et
301 1948 503 2033 exspectando
515 1948 697 2014 Genmalern
708 1948 818 2013 Panem
833 1968 870 2013 ae
881 1948 927 2013 sle
938 1946 1106 2013 euaetando
1117 1947 1276 2029 ilungaros

70 2052 562 2141 debellaturam'l'ranssylrauiae
578 2056 767 2141 Prineipatus
783 2056 1017 2123 vindieatieaem
1029 2054 1174 2140 inprimis
1193 2052 1276 2119 dilli-

73 2163 177 2227 eilem.
206 2162 409 2231 serenitatem
424 2154 524 2231 veen
534 2166 568 2231 iu
589 2186 625 2231 eo
642 2165 796 2231 intelieom
811 2185 891 2237 esse,
910 2164 990 2249 quod
1005 2184 1073 2231 eum
1088 2163 1201 2229 Caesar
1216 2182 1278 2227 non

73 2272 293 2339 numatianus
316 2274 414 2347 huet,
441 2296 500 2342 nee
522 2277 643 2343 unieum
666 2276 724 2341 silai
748 2275 831 2341 hene
856 2275 1085 2340 intentiouatum
1107 2274 1278 2341 llinaistrum

73 2380 214 2449 Viennae
236 2381 357 2457 haheat.
377 2382 537 2451 l'aetiones
562 2384 683 2470 nudem
704 2384 845 2455 inueniri,
866 2384 899 2447 in
914 2402 952 2448 ee
966 2386 1068 2447 temen
1082 2400 1187 2447 omnes
1199 2400 1276 2447 eon-

74 2490 203 2562 venire,
227 2510 267 2557 ne
286 2491 346 2559 Pax
368 2492 400 2559 in
415 2493 568 2577 llaag'mia
589 2493 630 2559 sit
651 2497 683 2558 et
706 2510 744 2557 no
768 2491 1001 2576 'lrmssylrania
1014 2489 1180 2557 Serenitati
1195 2489 1277 2555 Vuae

74 2597 262 2681 assignetur,
277 2598 355 2667 haee
370 2600 451 2667 enim
465 2622 536 2669 esse
550 2601 631 2669 unde
646 2602 821 2668 Thesauros
836 2600 1018 2686 depromere
1032 2600 1107 2685 ipsis
1122 2599 1224 2665 lieeat

170 2704 273 2774 ltedia
288 2708 327 2773 ad
341 2710 561 2796 asseqaeeadum
573 2710 663 2781 linem
679 2713 822 2795 porreeta
835 2710 1043 2794 perlectum,
1058 2708 1278 2775 Perlausentum

73 2812 218 2897 Negotiis
233 2814 390 2885 Caesareis
405 2840 441 2885 se
456 2819 578 2886 ndeime
593 2818 764 2885 immiscere
779 2835 883 2904 posse.
898 2818 1036 2902 opinatus
1052 2822 1110 2890 eat.
1127 2815 1207 2901 quod
1223 2835 1279 2881 uos

74 2920 197 2989 Favore
211 2923 420 2992 modemerutn
437 2926 705 3009 Coeianetmarum
720 2926 788 2993 lieri
802 2946 895 3011 pesse
910 2925 1108 3010 reposuimus,
1132 2930 1165 2991 ut
1188 2924 1278 2989 nimi-

75 3049 145 3095 rum
168 3031 386 3099 Parlamentum
409 3035 535 3119 Regiam
558 3034 747 3116 llajeeatem
771 3034 940 3119 supplicet.
965 3052 1025 3118 que
1043 3033 1277 3100 dementissime

74 3138 297 3205 eoasiderendo
321 3160 405 3207 suurn
426 3143 459 3205 is
481 3140 676 3210 eunoedeada
692 3146 774 3207 tante
790 3142 988 3207 Peeuuiarum
1003 3141 1125 3207 Summa
1141 3148 1174 3205 et
1188 3147 1276 3206 aucto

73 3254 124 3315 tot
137 3248 260 3315 mililsus
270 3249 412 3317 linoreitu
425 3269 480 3337 pro
493 3251 648 3319 Communi
661 3251 756 3319 causa
769 3252 874 3317 Zelmn
884 3250 1056 3317 foederatos
1071 3270 1142 3317 sues
1156 3257 1277 3333 urgeat,

73 3364 110 3421 at
136 3356 219 3421 idem
242 3358 363 3431 lanient.
379 3359 431 3428 tui
446 3360 507 3425 Pan
522 3361 693 3443 ilungariea
718 3380 775 3444 qun
800 3360 931 3427 medium
952 3360 1079 3426 maxime
1093 3358 1230 3425 naturale
1246 3363 1279 3421 et

73 3466 242 3550 proximum
265 3469 393 3552 proponi
416 3467 683 3551 ueteranorum
705 3466 782 3533 2⁶⁰ffl·
807 3468 881 3535 illud
904 3469 1009 3533 inutile
1029 3488 1100 3536 esse
1119 3466 1278 3549 Judiearit.

74 3576 224 3661 Reginam
240 3577 360 3660 qaddem
373 3578 513 3645 Catulum
523 3578 569 3645 111.
583 3579 806 3663 mundaturum,
823 3584 857 3645 et
866 3578 947 3643 hune
957 3579 1063 3663 proeut
1074 3577 1165 3644 dubie
1178 3575 1279 3643 ellieia

73 3705 128 3751 saa
144 3686 333 3759 eolleturum,
349 3687 406 3753 sed
420 3687 521 3773 perid
537 3692 654 3771 tempus
667 3688 776 3753 Paeem
788 3686 971 3754 Generalem
986 3686 1076 3753 ieeile
1091 3687 1275 3752 eualituram.

75 3794 123 3859 De
139 3796 258 3861 Cornite
274 3794 458 3869 Wretislau,
481 3796 629 3880 siquidem·
645 3796 672 3859 is
688 3796 788 3863 areeri
806 3802 955 3880 nearest,
977 3794 1160 3861 subsidendo
1184 3793 1276 3858 dixit:

74 3902 173 3969 llseut
185 3904 215 3967 le
226 3922 355 3988 gagner.
382 3902 499 3969 Auditis
515 3923 591 3987 ergo
607 3903 755 3977 omnihus,
773 3924 850 3987 quae
864 3903 1032 3971 seeundum
1045 3903 1277 3969 instructionem

76 4008 272 4077 edisserendo
289 4017 385 4083 erant,
401 4012 566 4077 eonolusit:
589 4012 678 4077 lieet
694 4011 889 4078 Conditieues
904 4011 1044 4079 difficiles
1060 4014 1275 4094 proponuntur,

77 4118 246 4185 Clausulam
261 4124 363 4185 minen
377 4120 486 4187 bonnm
502 4140 582 4192 esse,
600 4138 676 4204 quae
688 4120 807 4205 judieat
822 4120 1026 4187 Serenitatem
1041 4120 1131 4185 Vram
1146 4124 1178 4183 et
1194 4119 1276 4183 Con·

77 4227 369 4295 loedemtosStatus
385 4248 495 4295 eausae
509 4248 582 4295 auae
599 4228 739 4303 eunflsos,
756 4249 793 4295 ea
808 4234 1030 4315 aeeeptaturos,
1041 4248 1119 4314 quae
1133 4228 1276 4295 mediatio

77 4358 173 4423 aequa
197 4344 231 4403 et
253 4338 335 4421 justa
362 4340 565 4424 reputaverit,
593 4358 741 4425 apparere
769 4339 891 4424 quidem
918 4338 1155 4405 Conieederetos
1180 4358 1216 4403 se
1243 4337 1274 4401 in

77 4446 349 4513 minoribuseelrmr
360 4446 537 4515 submittere
550 4449 638 4522 velle,
650 4466 776 4533 sperare
792 4453 903 4521 manen,
915 4468 961 4521 se,
975 4447 1003 4511 si
1016 4446 1106 4514 ruodo
1121 4446 1241 4511 sineere
1257 4466 1276 4509 a

78 4556 165 4623 Parte
180 4558 391 4641 ilungarerurn
407 4557 532 4625 intentio
548 4558 606 4631 ait,
623 4558 660 4623 ab
677 4557 793 4623 liliatis
809 4556 938 4625 inueniri
954 4576 1044 4640 pesse
1058 4555 1175 4628 media,
1196 4574 1274 4640 quae
