3117 5084
320 330 399 403 442

316 506 345 570 is
360 506 443 571 faute
458 506 537 593 qu'ii
552 508 635 573 asnis
650 510 774 573 commis
791 508 831 573 de
843 528 882 573 nc
894 508 920 573 ε’
930 514 997 573 etue
1008 530 1063 594 pas
1076 509 1218 575 adresscn
1230 530 1248 575 a
1259 531 1339 596 moy,
1357 513 1436 577 noiia
1452 514 1518 579 Sine

319 616 347 681 ta
368 635 481 681 source
502 616 541 681 de
564 616 632 680 mils
653 617 807 681 tunsseten
830 619 987 683 inuentdcs
1009 640 1064 703 par
1085 620 1131 683 ies
1153 620 1314 705 Eunemys.
1338 627 1372 685 et
1393 622 1446 706 qui
1470 630 1519 686 ont

319 744 410 808 sorny
426 746 443 788 a
460 724 576 789 donner
592 726 630 789 de
645 726 665 789 Γ
673 726 819 809 umbo-nge
837 726 876 791 de
891 746 939 791 me
963 728 1093 793 ienmete
1109 750 1125 792 s
1142 748 1197 793 sos
1217 729 1392 803 ministrem
1407 731 1520 813 mulget

319 854 383 898 mes
395 853 592 909 nssnnenccs3
605 856 684 919 quoy
697 855 755 919 que
764 836 797 917 je
810 836 911 919 puisse
927 836 1003 909 dine,
1017 842 1180 901 etnssuner
1193 836 1287 903 Votne
1314 838 1449 920 iinjestd
1465 858 1519 922 que

318 942 388 1007 i'nn
403 941 488 1007 n'nst
498 943 605 1026 jamnis
622 945 729 1008 entndc
744 944 819 1009 dens
837 946 866 1009 te
881 944 974 1009 detail
992 946 1030 1009 de
1046 965 1083 1009 cc
1098 947 1198 1009 tunitc.
1216 946 1272 1009 itu.
1291 946 1518 1032 i'droheucquc

317 1072 394 1136 pour
415 1054 569 1117 necouncir
592 1053 621 1116 la
653 1054 858 1135 negotinfion,
887 1053 1035 1120 demendo
1058 1076 1118 1119 une
1140 1061 1306 1119 entnevcue
1333 1076 1395 1139 quc
1416 1056 1451 1138 je
1472 1055 1519 1139 iun

318 1161 446 1225 necorde
462 1182 478 1224 s
496 1159 661 1246 Gydngyos
678 1160 752 1225 dens
767 1161 944 1226 i'intention
960 1163 998 1227 de
1014 1163 1078 1227 uoin
1091 1164 1203 1247 jusque
1220 1182 1237 1227 a
1254 1164 1324 1248 quei
1341 1165 1431 1248 point
1445 1163 1519 1227 i'es·

317 1269 438 1331 tremite
454 1271 535 1333 nnoit
550 1270 674 1334 conduit
697 1270 725 1333 in
741 1290 818 1335 cnm·
839 1270 1026 1355 imperialie3
1041 1272 1081 1337 Je
1105 1276 1211 1356 trenay
1226 1272 1272 1335 itu
1289 1271 1517 1357 i'Ancineuequc

318 1376 393 1441 dnns
408 1376 454 1441 ten
469 1378 636 1442 sentimens
658 1397 718 1462 qne
735 1379 770 1460 je
791 1378 933 1445 m'estois
954 1380 1066 1463 promis
1087 1380 1126 1443 de
1147 1381 1207 1463 luy,
1232 1386 1263 1444 et
1285 1379 1369 1464 qu'ii
1392 1381 1425 1445 u'
1433 1380 1518 1443 estoit

318 1485 439 1549 attechd
457 1506 514 1551 nux
529 1486 657 1549 interetn
675 1486 714 1550 de
732 1488 759 1551 in
775 1507 849 1552 com·
872 1489 1010 1552 nommde
1027 1486 1188 1572 qu'nutnnt
1203 1488 1320 1572 quelle
1343 1507 1382 1551 se
1398 1490 1518 1571 ponuoit

317 1594 465 1659 necorder
480 1614 554 1659 nnec
572 1594 617 1657 ies
634 1602 766 1667 nostres,
788 1616 859 1660 sans
876 1616 935 1680 que
947 1596 1037 1679 j'oye
1060 1598 1164 1663 noune
1181 1616 1297 1661 aucune
1311 1596 1468 1661 didicuitd
1484 1595 1518 1660 de

318 1722 366 1765 me
381 1702 478 1765 servin
494 1702 532 1766 de
547 1722 585 1767 cc
601 1703 709 1786 pnincc
724 1704 811 1767 scion
828 1724 888 1789 qne
901 1703 969 1787 j'uy
987 1702 1064 1785 J'ugd
1081 1705 1110 1767 ie
1126 1705 1194 1787 plns
1209 1703 1412 1777 conuenahie,
1436 1706 1517 1769 c'est

319 1812 394 1875 dens
410 1832 461 1875 ses
478 1830 660 1875 assurences
677 1811 747 1875 Sine
763 1832 823 1896 que
842 1812 866 1893 j·
877 1834 914 1898 ny
936 1814 998 1896 pris
1016 1813 1044 1877 in
1061 1811 1171 1877 libente'
1188 1812 1227 1876 dc
1248 1812 1485 1877 recommendet
1503 1835 1518 1877 n

317 1919 412 1983 Votne
427 1918 556 2001 Mnjcste
578 1924 629 1984 cet
649 1920 748 2003 prelat
768 1922 793 1983 si
816 1921 909 2002 digne
931 1920 969 1983 de
993 1920 1020 1983 in
1042 1939 1186 2004 ponente,
1209 1926 1241 1983 et
1264 1926 1368 1983 nutant
1390 1919 1517 1985 eclntnut

318 2046 374 2111 pnn-
388 2048 422 2091 sn
437 2047 564 2110 sugesse
580 2034 612 2091 et
633 2048 688 2092 son
718 2029 836 2110 scnvnir
860 2048 919 2112 qne
940 2048 995 2111 pur
1016 2030 1046 2092 ie
1067 2028 1213 2094 ueritabic
1237 2028 1445 2093 attechement
1465 2048 1517 2091 auu

317 2138 446 2201 intecetu
462 2137 503 2201 de
518 2158 551 2202 su
568 2138 676 2201 Pntrie.

409 2248 470 2311 bes
499 2246 699 2311 consenences
726 2266 786 2330 que
811 2266 886 2310 nous
910 2266 1003 2310 avons
1032 2264 1105 2309 eues
1137 2245 1271 2329 pendent
1298 2250 1389 2307 notre
1418 2244 1517 2325 sejon

318 2356 408 2419 n'nnt
421 2356 555 2420 consiste
571 2374 630 2440 quc
645 2377 698 2419 sur
710 2354 901 2420 i'essuncnce
915 2361 946 2419 ct
964 2355 1121 2438 gunnnntie
1145 2374 1204 2438 que
1221 2353 1421 2437 i'Empeneur
1441 2374 1514 2437 pou-

317 2466 377 2530 noit
394 2484 469 2529 nous
485 2464 614 2538 donner,
630 2485 719 2549 apres
736 2466 781 2529 les
798 2466 939 2528 ntteintes
961 2464 988 2527 si
1004 2465 1179 2528 manifestes
1202 2462 1241 2527 de
1257 2482 1308 2527 ees
1331 2482 1472 2527 sermens
1486 2469 1514 2525 et

314 2574 423 2637 truiteu
440 2578 472 2637 et
487 2579 576 2657 ayunt
592 2574 673 2657 apris
687 2572 812 2658 qn’iine
829 2574 950 2656 pensoit
967 2572 1039 2657 qu'n
1053 2594 1128 2637 nous
1145 2591 1276 2645 umuscn,
1294 2592 1332 2633 en
1349 2591 1428 2634 nous
1442 2590 1514 2635 vou-

315 2682 377 2746 ient
394 2681 511 2746 donnen
527 2683 606 2745 celle
623 2682 732 2745 deson
749 2682 821 2754 Fils,
834 2682 855 2745 ii
870 2702 908 2745 ne
924 2702 972 2744 me
989 2681 1062 2745 istut
1078 2702 1132 2766 pas
1150 2702 1189 2745 nn
1205 2685 1344 2764 pncteute
1360 2679 1431 2761 pius
1446 2698 1514 2762 spc-

316 2792 404 2854 cicuu
420 2793 458 2855 de
473 2791 588 2855 tuninen
609 2796 692 2857 cette
712 2792 827 2863 affaire·
851 2796 881 2855 et
904 2791 943 2855 de
963 2792 1106 2873 renunjen
1127 2792 1155 2854 ie
1177 2790 1275 2874 pneint
1298 2790 1423 2853 nomme
1444 2805 1514 2850 nnec

318 2900 452 2983 qnentite
468 2899 506 2962 de
522 2901 652 2983 pleintes
673 2921 733 2985 qne
755 2919 830 2963 nous
851 2905 940 2965 evont
961 2900 1048 2964 initos
1072 2899 1127 2964 des
1151 2897 1307 2981 injustices
1330 2898 1466 2961 connisos
1484 2904 1512 2958 et

316 3010 491 3074 animositeu
509 3007 708 3073 nnivcnseiies
724 3012 921 3091 augmeniees
938 3028 994 3091 pun
1017 3009 1044 3071 in
1060 3007 1195 3073 deflunce
1212 3008 1268 3070 des
1283 3025 1472 3069 assurences
1485 3010 1513 3067 ei

320 3120 474 3200 &nunties
490 3120 515 3181 si
533 3118 667 3199 legeres.

409 3228 453 3290 Le
470 3226 550 3290 brut
566 3226 605 3290 de
620 3230 703 3289 cette
719 3225 889 3290 assembicc
906 3246 979 3289 avec
996 3226 1157 3310 l'iutrique
1173 3222 1211 3287 de
1224 3228 1275 3287 cet
1290 3242 1426 3307 enucmy
1441 3223 1513 3285 auoit

319 3336 445 3401 neveiiie
461 3336 507 3399 les
523 3339 694 3418 protestans
710 3334 749 3398 du
764 3336 928 3416 Royaume
951 3338 982 3397 et
998 3333 1064 3397 leun
1080 3332 1210 3417 deputes
1231 3352 1280 3393 me
1304 3330 1514 3395 demandoient

317 3466 378 3511 uue
394 3449 514 3529 prompt
530 3444 690 3508 execution
707 3444 745 3508 de
762 3444 829 3507 ienn
849 3444 945 3527 gnieis
974 3464 1049 3508 avec
1071 3442 1317 3507 retabiissement
1340 3440 1421 3505 dans
1442 3442 1514 3505 iesus

316 3554 485 3637 Egiiseset
502 3553 795 3636 peraccedens
817 3573 854 3615 en
872 3553 940 3616 vein
962 3552 1000 3617 de
1017 3555 1164 3616 semettre
1191 3550 1313 3615 affuines
1336 3570 1352 3613 n
1378 3552 1408 3615 ia
1430 3550 1515 3612 diettc

318 3663 473 3746 genenniie
490 3660 609 3745 pnisqu'
617 3661 653 3725 ils
669 3662 799 3725 estoient
815 3661 981 3744 pcnsunddn
999 3680 1057 3744 que
1069 3660 1105 3742 je
1121 3680 1158 3724 ne
1175 3657 1338 3723 cherchois
1356 3660 1436 3743 qu'n
1451 3676 1514 3743 pm·

318 3773 428 3853 iongen
442 3770 747 3855 i'nccnmpiissemcnt
763 3771 802 3833 de
815 3770 897 3834 leuns
910 3770 1009 3833 desire
1022 3790 1081 3853 quc
1094 3768 1169 3833 dune
1181 3768 1209 3831 ln
1221 3775 1300 3831 venie
1317 3767 1347 3829 d'
1356 3768 1514 3831 iutrodnim

317 3881 364 3945 les
380 3887 503 3965 tcoupes
521 3880 560 3944 de
576 3880 669 3944 Votre
684 3879 811 3960 Mnjestd
828 3885 860 3943 et
876 3880 992 3943 ensuite
1010 3900 1047 3943 au
1062 3879 1122 3941 iieu
1139 3876 1177 3941 de
1200 3874 1406 3948 satisfactinn,
1424 3876 1462 3939 de
1476 3874 1512 3937 ie

317 3991 501 4056 exterminen-
515 4010 532 4053 n
544 3989 702 4073 i'excmpie
715 3987 824 4061 d'eile;
839 3989 884 4051 ies
896 3988 1013 4053 naisons
1030 3987 1206 4051 differentes
1222 4004 1282 4069 que
1291 3984 1327 4067 je
1338 3983 1426 4051 leurs
1441 3982 1511 4046 anuis

320 4101 474 4182 aliegudes
491 4099 659 4163 n'estoient
676 4117 730 4180 pas
752 4097 958 4171 soutiisentes,
980 4098 1006 4159 si
1018 4096 1052 4177 je
1075 4094 1193 4157 n'nuois
1215 4112 1270 4177 pus
1294 4112 1352 4175 pur
1377 4093 1434 4157 des
1455 4110 1510 4155 sen·

321 4229 406 4271 mens
422 4208 553 4271 reitendu
569 4207 670 4272 donne
687 4206 742 4269 des
758 4225 936 4270 essunances
953 4223 1012 4288 que
1028 4205 1072 4267 ies
1095 4200 1258 4266 intentione
1274 4199 1315 4264 de
1337 4200 1435 4266 Voti-e
1456 4199 1508 4261 idn

319 4320 401 4402 jesisi
418 4321 449 4380 ct
464 4316 543 4382 celle
560 4317 599 4381 de
615 4316 670 4381 Mn.
689 4314 859 4379 i'Electeuc
876 4313 914 4377 de
930 4312 1038 4377 anien
1055 4310 1146 4375 estoit
1167 4310 1375 4373 entiercment
1392 4306 1510 4373 tornea

322 4450 376 4512 pen
391 4429 421 4492 ie
437 4427 696 4491 demembnement
711 4424 750 4489 de
765 4443 802 4487 ce
825 4425 975 4506 Roynnme
997 4422 1035 4484 de
1056 4420 1085 4483 le
1107 4419 1267 4502 puissunce
1290 4418 1329 4481 de
1353 4418 1381 4480 ln
1403 4416 1507 4479 utem

320 4534 512 4607 d'dutriche,
529 4540 634 4618 etque
651 4535 695 4598 ies
710 4540 835 4616 troupes
856 4536 962 4596 annunt
985 4528 1075 4593 nudes
1098 4527 1136 4591 de
1153 4547 1242 4591 nese
1259 4526 1358 4591 meleu·
1381 4527 1421 4590 de
1443 4526 1509 4589 mcc.
