3117 5084
298 349 374 422 144

295 523 511 599 serenitatem,
539 528 580 590 ita
596 527 643 591 sui
656 527 937 614 serenissimaeque
953 529 1064 612 Stirpis
1081 550 1152 595 esse
1167 530 1299 603 oblitam,
1321 536 1355 595 ut
1370 550 1495 595 excessu

295 633 450 699 charitatis
472 634 568 722 (quae
590 637 710 720 quidem
731 657 792 701 non
815 639 933 722 quaerit
952 657 1029 722 qaae
1051 659 1104 704 sua
1128 637 1216 727 suut)
1232 639 1449 725 quodammodo
1464 641 1494 703 in

295 743 412 826 Legem
428 750 551 809 naturae
568 751 693 830 peccet,
716 745 826 812 dubiae
850 766 922 812 sese
946 747 1086 812 fortunae
1102 748 1309 822 committens,
1334 753 1492 833 antequam

297 852 392 917 solida
407 853 624 936 Colligatorum
640 853 870 922 benevolentiae
885 857 1041 940 acceperit
1054 861 1229 940 argumenta
1245 863 1278 923 ut
1294 859 1412 923 noverit
1425 857 1493 921 ubi-

295 981 361 1024 nam
385 966 416 1025 et
439 982 496 1047 quo
522 968 609 1046 pacto
632 983 698 1028 cum
719 963 835 1028 honore
857 969 888 1028 et
905 965 1068 1029 securitate
1091 965 1300 1050 suscipiendus
1325 967 1376 1032 sit.
1407 965 1493 1050 Quod

294 1091 342 1135 me
359 1070 466 1135 attinet
482 1073 600 1136 mallem
613 1073 729 1137 exulem
741 1074 822 1137 inter
834 1071 1020 1138 Christianos
1033 1075 1100 1138 exul
1112 1075 1209 1162 sequi,
1223 1094 1310 1160 quam
1321 1076 1493 1160 Hungariae

294 1201 349 1266 per
374 1181 540 1245 Turcarum
563 1182 644 1248 uires
668 1181 844 1266 imperantis
867 1182 963 1246 aulam
987 1182 1159 1268 Episcopali
1181 1184 1344 1269 splendore
1371 1204 1492 1257 amare,

293 1288 348 1353 sed
365 1287 401 1353 ab
419 1289 522 1354 amicis
535 1291 618 1374 justa
629 1291 761 1376 petenda
784 1296 870 1362 sunt,
894 1291 976 1375 quo?
999 1290 1069 1375 quid
1085 1290 1152 1356 ibi?
1174 1291 1347 1378 ‹promodo‘l
1377 1294 1494 1357 Turcas

295 1419 367 1464 uero
379 1399 493 1463 bellum
508 1404 649 1483 parantes
666 1419 726 1464 non
742 1398 892 1464 modicum
903 1400 1114 1482 Hungarorum
1130 1405 1161 1464 et
1177 1401 1356 1466 Polonorum
1372 1401 1494 1466 affectui

295 1514 326 1573 et
352 1507 615 1573 coadunandorum
638 1505 750 1572 viribus
774 1507 862 1571 inniti
879 1507 942 1590 jam
965 1528 1026 1571 non
1055 1514 1102 1573 est
1124 1529 1265 1574 arcanum
1296 1530 1358 1574 non
1387 1529 1493 1574 errare

293 1617 388 1682 solum
405 1617 460 1682 sed
476 1615 605 1680 delirare
622 1615 742 1681 dicendi
758 1617 860 1682 forent
875 1618 901 1682 si
917 1637 995 1682 nunc
1008 1618 1179 1702 Hungariae
1191 1619 1386 1704 occupandae
1402 1639 1494 1684 ocea-

293 1726 408 1790 sionem
424 1725 620 1798 dimitterent,
652 1723 718 1811 lpsa
741 1727 832 1790 etiarn
847 1727 1165 1792 lustriaco-Polonica
1181 1727 1333 1810 colligatio
1351 1727 1447 1811 exigit
1462 1734 1496 1792 ut

292 1836 339 1902 uel
360 1840 517 1920 utramque
539 1835 588 1898 vel
610 1837 746 1897 neutram
771 1834 932 1899 lacessant.
964 1834 1029 1899 Nec
1046 1837 1101 1900 alia
1115 1837 1190 1901 ratic
1206 1835 1314 1923 (prout
1329 1837 1413 1900 inter
1425 1837 1495 1900 illos

292 1943 409 2028 degens
431 1941 542 2030 rescij)
566 1962 652 2027 quam
676 1943 790 2027 privata
806 1943 915 2026 Vesirij
933 1945 1058 2008 Acbmet
1072 1945 1164 2008 Passa
1184 1946 1294 2030 supina
1304 1945 1449 2010 mollities
1464 1951 1495 2009 et

292 2053 415 2118 avaritia
436 2052 582 2116 hactenus
604 2051 717 2115 bellum
739 2051 890 2136 impediit,
914 2052 994 2138 quod
1015 2053 1113 2116 serius
1136 2057 1186 2116 aut
1208 2054 1295 2118 citius
1317 2075 1377 2117 non
1401 2055 1494 2118 arctis

293 2161 413 2246 quidem
427 2161 486 2224 illis
503 2159 740 2233 concinnamus,
759 2181 836 2245 quae
852 2160 937 2226 nobis
950 2160 1134 2236 arriderent,
1161 2161 1214 2226 sed
1232 2161 1277 2226 sui
1299 2156 1496 2227 emolumenti

284 2288 378 2352 ergo,
394 2269 424 2332 id
441 2274 489 2333 est
504 2288 558 2352 pro
572 2267 722 2350 Hungaria
738 2289 807 2342 non,
821 2289 876 2354 pro
889 2268 1038 2352 Hungaris
1049 2269 1141 2353 longe
1153 2271 1266 2335 aridius
1280 2290 1369 2356 quam
1381 2278 1489 2335 contu

292 2377 416 2442 Czarum
433 2377 615 2460 suscipient;
633 2377 690 2440 nisi
706 2377 840 2442 resciant
855 2377 895 2441 ita
911 2382 1094 2444 transactum
1116 2398 1202 2452 esse,
1223 2383 1256 2443 ut
1272 2380 1495 2445 Serenissimus

291 2485 437 2570 Princeps
457 2489 488 2548 et
504 2483 601 2548 eidem
618 2485 783 2550 cordicitus
799 2485 917 2551 addicta
933 2487 1085 2570 lluugaria
1103 2487 1206 2551 malint
1229 2488 1260 2550 in
1276 2488 1394 2551 ‘Parcas
1409 2488 1495 2572 ipsos

292 2613 380 2680 quam
408 2598 512 2658 contra
534 2594 748 2679 Imperatorem
771 2595 874 2678 copias
890 2600 1029 2667 vertere,
1058 2615 1134 2680 quae
1161 2593 1343 2679 germanicis
1367 2597 1495 2679 junclae

291 2701 416 2766 maxime
432 2721 553 2785 semper
568 2702 673 2766 damna
688 2702 747 2766 illis
761 2724 813 2768 sua
825 2704 986 2768 velocitate
998 2703 1171 2769 intulerunt.
1193 2704 1259 2769 Nec
1270 2705 1359 2768 alium
1371 2705 1492 2770 invenio

290 2809 410 2874 modurn
426 2830 484 2896 quo
501 2808 562 2884 liat,
577 2815 609 2876 ut
624 2810 764 2875 intactam
777 2812 911 2876 sinentes
923 2812 1115 2894 Hungariam,
1128 2818 1192 2877 toto
1203 2812 1234 2877 ia
1245 2813 1365 2877 Muscas
1378 2814 1491 2898 impeta

289 2925 388 2993 ruant,
405 2925 455 2984 aut
471 2939 526 3004 spe
541 2919 768 3002 recuperandae
784 2921 956 3003 Hungariae
973 2941 1050 3005 quae
1065 2920 1161 3003 magis
1178 2940 1266 3004 quana
1280 2923 1343 2988 Rex
1359 2922 1492 2987 Suebiae

288 3026 404 3100 inritat,
421 3027 549 3111 abjecta,
566 3027 686 3112 penitus
704 3027 870 3112 quiescant,
887 3029 1019 3114 bellique
1041 3033 1208 3094 retractent
1231 3030 1373 3105 consilia;
1395 3050 1489 3115 prae-

289 3136 393 3201 sertim
421 3137 447 3200 si
469 3137 596 3209 Gnarus,
624 3137 716 3202 veluti
739 3138 816 3201 fama
837 3137 1028 3222 percrebuit,
1053 3137 1209 3201 Sullanum
1229 3137 1329 3204 denuo
1351 3139 1489 3224 placarit,

289 3244 391 3310 Cbano
414 3246 608 3310 Tartarorum
630 3245 755 3311 absente
785 3247 836 3331 qui
863 3245 1121 3330 Constantinopoli
1149 3248 1280 3313 existens
1307 3247 1431 3333 plebem
1458 3253 1491 3311 et

288 3353 445 3418 lanizeros
462 3355 641 3419 concitabat.
1236 3363 1240 3372 '

380 3462 539 3527 Caeterum
556 3463 593 3526 de
607 3483 755 3548 prospere
768 3462 915 3527 inchoatis
927 3463 1072 3546 gratulor.
1090 3464 1215 3549 Deoque
1233 3465 1342 3549 optimo
1360 3465 1488 3529 maximo

288 3571 415 3635 humiles
437 3572 572 3656 rependo
596 3575 715 3655 grates,
755 3572 866 3656 quippe
889 3590 956 3635 cum
980 3575 1061 3636 tanta
1076 3573 1136 3636 mei
1152 3591 1241 3658 quam
1256 3574 1344 3637 ullius
1361 3574 1488 3638 alterius

287 3679 431 3752 interest,
456 3685 488 3744 ut
511 3683 615 3766 aequis
631 3681 809 3765 securisque
823 3679 923 3745 Paetis
939 3681 1058 3745 tandem
1074 3686 1120 3745 tot
1134 3682 1288 3747 aemmnis
1303 3687 1335 3747 et
1351 3681 1487 3747 cladibus

288 3793 416 3872 ponatur
431 3788 546 3853 modus.

378 3897 439 3969 lde,
456 3896 525 3962 dum
547 3899 632 3982 plura
653 3898 827 3982 praestolor
841 3899 1000 3983 reciproco
1028 3898 1149 3962 allectui
1170 3897 1385 3964 commendans
1412 3918 1487 3986 per·

288 4023 395 4070 maneo

342 4233 343 4236 Ἴ
400 4153 542 4238 lijusdem
558 4151 742 4218 Perillustris
760 4173 796 4217 ac
813 4152 987 4219 Generosae
1002 4153 1218 4217 Dominationis
1233 4153 1361 4219 Vestrae

1040 4283 1154 4347 Servus
1171 4281 1393 4348 addictissimus

1105 4409 1350 4494 bstbmp

1136 4554 1223 4617 Prae.
1238 4553 1308 4617 Sce.
