3117 5084
1159 367 1229 439 121

23 545 104 610 lacto
132 567 218 630 opus
241 548 350 620 tirerit,
367 550 425 613 lles
442 550 473 611 in
488 548 639 631 frangenti
655 554 738 621 sunt,
765 555 796 614 et
813 549 882 612 dum
899 549 929 610 in
945 547 1067 610 Polonia
1083 545 1190 607 'Pricae
1206 548 1238 605 et

23 653 138 717 tellum
157 676 279 720 norum
296 658 406 729 oritur,
431 656 622 740 cogitandum
647 663 695 722 est
715 658 753 721 de
770 657 850 721 bene
866 655 1029 719 ordinanda
1047 654 1236 735 Correspon-

23 761 129 828 dentia
147 769 182 828 ct
202 767 274 848 ejus
291 767 452 831 securitate
469 772 501 830 et
524 767 687 840 solutione,
709 769 740 831 in
757 767 880 831 Galliam
896 766 971 829 alius
988 765 1054 849 quis
1070 761 1236 846 expedien-

23 871 90 943 dus,
104 873 145 936 ad
154 873 258 937 Aulas
273 880 408 939 caeteras
425 875 472 939 alii
485 876 669 948 ermittendi,
682 882 714 940 ut
725 876 846 939 tandem
859 876 1053 939 Domiuorum
1065 873 1235 935 dilictorum

22 981 179 1046 Promissa
198 983 274 1046 dum
289 984 311 1046 ii
327 983 459 1069 quotidie
478 983 678 1066 urgebantur;
696 984 858 1067 gloriosum
876 1004 930 1067 pro
947 982 1120 1046 Serenitate
1136 985 1236 1044 restra

24 1095 55 1154 et
65 1095 131 1154 tota
142 1091 426 1156 eonfoederatione
439 1093 603 1156 sortiantur
612 1092 760 1165 ellectum,
774 1093 853 1178 quod
868 1094 937 1156 dum
952 1091 1114 1155 humillime
1128 1109 1235 1159 voveo,

24 1199 103 1282 apud
129 1199 343 1264 serenitatem
364 1199 502 1264 Vestram
523 1201 793 1285 obsequentissime
808 1202 904 1273 insto,
928 1205 962 1264 ut
985 1220 1040 1284 pro
1057 1199 1181 1263 duorum
1204 1201 1236 1260 et

26 1304 103 1388 quod
129 1309 276 1371 excurrit
292 1327 434 1372 annorum
450 1307 588 1372 fidelihus
611 1309 643 1372 in
670 1308 791 1372 summis
813 1309 955 1392 periculis
972 1306 1152 1371 continuatis
1168 1325 1235 1368 ser-

28 1415 105 1479 m'tiis
122 1415 263 1500 aliquam
279 1417 423 1500 accipiam
440 1417 620 1481 Serenitatis
632 1417 758 1482 Vestrae
772 1417 916 1487 Gratiam,
939 1417 1010 1479 nihil
1028 1417 1108 1479 enim
1119 1413 1235 1477 liabens

28 1521 205 1588 confiscatis
237 1545 293 1609 per
314 1525 527 1609 imperatorem
553 1527 673 1590 vivente
698 1527 795 1590 adhuc
817 1531 914 1590 matre
943 1525 1108 1608 inparatis
1133 1522 1233 1587 liebus

30 1633 102 1696 meis
126 1633 275 1698 omnihus
293 1655 401 1718 spero,
419 1635 622 1700 Serenitatem
638 1635 775 1700 Vestram
791 1635 840 1698 rel
853 1633 911 1698 hoc
928 1635 1023 1698 solum
1039 1634 1146 1696 intuitu
1161 1630 1233 1694 milri

34 1739 196 1805 clementii
214 1763 270 1806 sua
285 1743 502 1826 benignissime
519 1745 682 1808 astituram.

118 1851 195 1915 Post
229 1852 451 1917 conclusionem
479 1853 586 1918 horum
611 1855 739 1917 omnium
764 1875 800 1917 ex
823 1853 960 1918 mandato
984 1849 1235 1914 Excellentisslmi

33 1956 148 2021 Domini
167 1959 314 2043 Supremi
331 1961 486 2025 Generalis
504 1967 535 2024 et
549 1961 795 2026 Locumtenentis
811 1961 861 2025 hic
876 1961 1039 2025 humillime
1060 1960 1162 2023 relero
1185 1977 1233 2029 ea,

34 2081 105 2146 quae
117 2067 271 2131 Dominus
284 2067 394 2132 Talaha
407 2071 438 2133 in
450 2071 630 2152 Hungariam
646 2071 759 2135 intrare
775 2090 929 2141 recusans,
941 2068 1012 2131 mihi
1022 2067 1136 2140 retulit,
1148 2066 1234 2130 ride-

34 2169 102 2235 licet
117 2195 152 2238 se
169 2195 209 2238 ex
227 2178 348 2241 sincero
364 2197 453 2262 quem
465 2198 520 2262 pro
537 2177 716 2243 Serenitatis
724 2179 853 2243 Vestrae
866 2176 1100 2242 conservatione
1113 2195 1234 2257 semper

34 2277 134 2346 habuit
155 2283 242 2348 lideli
261 2285 332 2349 Zelo
350 2287 386 2350 ad
407 2287 597 2351 nesciendum
615 2287 747 2352 Czareae
762 2287 929 2371 lllajestatis
950 2287 1135 2350 latentiores
1159 2303 1233 2365 erga

41 2387 244 2456 serenitatem
255 2393 409 2467 Vestram,
434 2415 566 2479 sequens
587 2397 701 2481 privato
718 2418 771 2461 suo
788 2397 908 2460 nomine
923 2395 1118 2479 proposuisse
1132 2395 1237 2476 proje-

39 2501 123 2571 ctum,
134 2501 294 2564 nimirum:
314 2502 403 2566 Suam
418 2503 560 2568 Czaream
572 2503 760 2587 Majestatem
773 2503 830 2568 sibi
843 2501 1029 2587 persuadere
1045 2521 1136 2585 posse
1151 2519 1233 2563 arma

38 2605 98 2684 ejus
106 2607 247 2673 victricia
256 2610 540 2693 plurimisPotentiis
550 2611 738 2676 occasionem
749 2612 821 2677 dare
830 2611 866 2674 ad
874 2610 1064 2694 cogitandum
1077 2609 1115 2671 de
1128 2608 1232 2692 aequi-

41 2710 119 2777 librio
136 2717 220 2781 inter
237 2717 362 2782 Czarum
380 2724 411 2784 et
423 2721 538 2801 Regem
555 2720 685 2784 Sueciae
702 2725 734 2784 et
754 2719 960 2785 conservando
976 2719 1131 2804 praedicto
1148 2719 1232 2799 llege

41 2819 173 2898 Sueciae,
187 2827 277 2909 cujus
290 2827 405 2891 ruinam
421 2828 542 2892 totalem
559 2849 615 2893 neo
631 2850 713 2894 suam
729 2831 871 2893 Czaream
884 2829 1071 2909 llajestatem
1083 2847 1232 2910 nunquam

43 2947 183 3011 quaerere
201 2939 254 2998 aut
271 2937 434 3019 quaesisse.
466 2937 678 3001 Necessarium
695 2957 769 3020 ergo
787 2957 866 3008 esse,
883 2942 916 3000 ut
931 2936 991 2999 Sua
1008 2936 1121 3000 Crarea
1136 2935 1232 3017 Majo-

41 3039 94 3100 stas
117 3043 236 3108 omnino
267 3044 382 3125 cogitet
409 3045 447 3107 de
475 3044 581 3108 mediis
605 3045 642 3108 ad
673 3046 799 3128 gloriam
829 3063 912 3110 suam
939 3050 971 3109 et
996 3042 1232 3128 magnitudinem

44 3151 271 3214 conservandam
287 3149 523 3226 sufficientibus;
548 3153 636 3216 Scire
651 3153 842 3236 lllajestatem
858 3155 1003 3219 caeream
1017 3152 1120 3216 Aulam
1142 3152 1231 3214 etiam

42 3247 257 3335 inperatoriam
274 3280 391 3324 omnem
408 3261 536 3345 lapidem
551 3267 713 3333 moturam,
737 3283 775 3325 ne
798 3263 952 3344 obligetur
969 3260 1006 3325 ad
1023 3278 1150 3343 eaquae
1169 3260 1230 3322 Sua

45 3355 146 3428 Crarea
167 3365 312 3450 llajestas
337 3369 470 3452 legitime
493 3369 531 3433 ab
553 3369 665 3434 Eadem
690 3370 877 3454 praetendit,
900 3370 937 3433 ad
960 3369 1057 3433 omnia
1079 3387 1164 3449 ergo,
1186 3365 1230 3430 uti

47 3464 158 3546 dictum,
175 3477 330 3550 erilande,
348 3483 379 3542 et
393 3478 430 3541 ad
447 3498 480 3542 se
498 3479 734 3543 conservandum
750 3500 785 3543 se
800 3484 921 3564 putasse
937 3499 998 3542 non
1014 3477 1229 3560 displicituram

46 3575 115 3642 Suae
126 3581 277 3667 Majestati
292 3587 411 3659 Pacem,
428 3588 453 3650 si
470 3608 506 3651 ex
522 3588 587 3652 zelo
603 3587 695 3660 tideli,
712 3609 799 3674 quem
815 3594 874 3652 tam
890 3609 945 3672 pro
961 3609 1015 3652 suo
1028 3586 1229 3651 Serenissimo

46 3679 192 3776 Principali
209 3713 296 3778 quam
312 3699 344 3758 ct
360 3695 473 3760 Caarea
489 3695 648 3778 llajestate
663 3697 770 3771 habet,
794 3698 993 3781 cogitationes
1017 3716 1086 3760 suas
1103 3695 1227 3780 aperiat,

48 3808 141 3878 nempe
157 3800 192 3864 ad
207 3803 472 3868 Conservationem
485 3805 672 3889 Principatus
685 3807 932 3891 Transsylvaniae
944 3826 1011 3869 oum
1026 3803 1227 3869 Serenissimo

51 3907 137 3969 nostro
157 3909 296 3996 Principe
318 3914 355 3977 ad
375 3915 528 3978 Interesse
555 3917 644 3978 etiam
669 3917 756 3980 Czari
780 3917 899 3979 omnino
924 3915 997 3979 utile
1022 3914 1171 3985 talamum,
1194 3917 1228 3976 ut

50 4007 172 4082 Soanda
181 4020 362 4105 Principissa
375 4023 506 4087 Crareae
519 4023 684 4105 lllajestatis
697 4025 793 4108 primo
806 4029 876 4088 uatu
888 4024 1019 4108 Principi
1030 4022 1090 4087 lilio
1099 4023 1227 4088 Vestrae

53 4115 214 4192 Serenitatis
236 4128 454 4213 desponsetur,
477 4138 509 4195 et
530 4153 587 4216 per
608 4133 638 4196 id
656 4134 716 4196 Sua
737 4133 880 4214 ltlajestas
902 4132 1092 4196 occasionem
1118 4129 1228 4194 lrabeat

54 4225 127 4291 etiam
147 4238 234 4300 armis
262 4239 323 4301 suis
348 4239 549 4323 Principalem
574 4243 652 4305 huno
677 4242 834 4326 aliquando
853 4244 942 4305 etiam
957 4261 1012 4326 pro
1029 4244 1157 4322 cognata
1173 4258 1227 4302 sua

56 4347 233 4417 conservare,
258 4346 293 4409 ad
314 4348 481 4431 exemplum
496 4349 633 4413 moderni
648 4351 741 4414 Ducis
756 4352 881 4416 iuvenis
898 4349 1086 4415 Curlandiae.
1102 4347 1135 4410 ln
1149 4348 1227 4411 hanc

55 4435 150 4524 legem
164 4453 270 4517 imitari
286 4475 377 4537 posse
392 4457 508 4542 Regem
525 4457 638 4523 Galliae
660 4464 692 4523 et
710 4461 790 4524 tacta
805 4461 884 4525 Pace
899 4461 1013 4542 Regem
1031 4458 1160 4522 Sueciae
1177 4458 1227 4542 qui

58 4555 199 4626 accedente
212 4563 458 4649 Transsylvaniae
470 4571 611 4656 Principe
627 4572 715 4637 sicuti
728 4591 832 4637 omnes
845 4591 1043 4656 aggressores
1060 4566 1227 4652 defendere
