3117 5084
1177 349 1254 422 11³

39 519 175 584 Vestrae
193 520 305 586 fideles
321 521 486 588 defendere
503 528 535 588 et
549 529 714 608 protegere
730 525 926 590 intentiouata
942 526 990 598 sit,
1015 545 1050 590 se
1065 529 1166 590 tamen
1182 525 1254 590 mibi

36 633 194 705 suadere,
221 654 344 698 caveam
359 634 483 698 mihine
499 635 607 700 sicario
623 636 750 722 quodam
766 634 872 710 modo,
896 641 987 720 prout
1001 637 1033 700 id
1049 642 1118 702 ante
1134 634 1253 720 aliquod

32 762 132 806 annos
158 744 260 826 Regis
282 745 409 827 Philippi
430 743 620 810 Cubiculario
644 746 786 827 contigit,
809 746 857 810 rel
889 746 1023 829 captivus
1046 744 1178 809 abducar
1204 743 1253 806 rel

37 851 187 916 occidar:
203 854 265 917 Pro
277 859 335 917 tam
350 852 495 918 benevola
511 853 721 919 informatione
739 853 855 918 debitas
871 873 1023 937 reponens
1039 857 1154 936 grates,
1168 871 1253 916 suam

35 959 270 1026 Excellentiam
300 963 419 1044 rogari,
447 967 480 1026 ut
508 981 576 1026 cum
596 961 714 1044 Mylord
736 962 822 1028 Duce
845 961 884 1026 de
912 960 1048 1025 omnibus
1077 961 1123 1024 sic
1146 960 1252 1022 Eidem

35 1069 208 1142 exhibitis,
233 1075 264 1136 et
284 1070 322 1133 de
344 1071 455 1134 Itinere
479 1089 547 1134 meo
562 1072 594 1134 in
610 1071 747 1154 ungriam
764 1072 912 1136 conferat.
946 1070 1012 1134 Dll.
1030 1069 1095 1134 00.
1112 1069 1252 1133 Resulta·

36 1177 141 1242 tiones
159 1179 308 1261 positivae
325 1183 445 1260 urgent,
463 1199 498 1244 ac
514 1179 551 1244 ad
567 1177 690 1244 casdem
706 1178 885 1243 obtinendas
896 1178 1088 1242 Protectione
1106 1182 1138 1240 et
1151 1177 1252 1240 Inter·

37 1286 197 1369 positione
216 1307 268 1350 sua
285 1287 486 1351 serenitatem
504 1288 641 1352 Vestram
657 1288 807 1352 bonorare
825 1287 915 1359 velit,
938 1287 1018 1370 quod
1039 1287 1137 1370 ipsum
1159 1286 1250 1350 toties

38 1395 166 1476 quoties
185 1395 324 1460 Eundem
345 1397 493 1462 accedere
509 1396 705 1479 contingebat
726 1399 799 1462 satis
815 1397 986 1480 deligenter
1001 1395 1155 1459 inculcare
1171 1394 1250 1458 obli-

39 1521 151 1586 gamen
169 1523 273 1568 meum
290 1504 472 1588 requirebat
500 1506 688 1570 lncaminatis
701 1507 803 1572 taliter
815 1507 894 1589 apud
906 1505 971 1570 00.
984 1502 1050 1568 GG.
1067 1503 1250 1584 negotiatio·

40 1612 86 1674 nis
109 1631 204 1675 meae
228 1615 387 1678 momentis
404 1614 529 1680 Domino
549 1614 717 1680 Cardonnel
740 1615 831 1679 retuli
852 1614 1010 1679 Dominum
1025 1612 1249 1676 Pensionarium

40 1719 180 1803 plenarie
199 1742 257 1806 per
272 1741 320 1785 me
337 1721 375 1786 de
391 1722 527 1788 omnibus
542 1723 732 1790 informatum
747 1741 828 1796 esse,
842 1725 873 1786 et
887 1722 959 1786 nibil
971 1741 1147 1806 superesse,
1161 1739 1248 1804 quam

41 1833 72 1892 ut
82 1829 152 1894 Dux
165 1849 239 1896 cum
250 1831 442 1896 Pensionario
458 1832 576 1898 ultimas
592 1832 664 1896 mihi
681 1831 733 1896 det
749 1831 960 1902 resolutiones,
976 1849 1050 1914 quas
1064 1829 1132 1913 ipse
1143 1828 1248 1892 Domi-

43 1955 96 2002 nus
108 1938 148 2002 de
158 1939 339 2004 Scbmettau
352 1941 430 2024 apud
442 1961 545 2006 omnes
562 1947 663 2025 partes
682 1943 882 2006 interessatus
897 1940 1054 2004 ferventer
1069 1935 1246 2018 adurgebat.

42 2045 132 2110 Plane
159 2053 228 2112 tum
249 2047 435 2112 advenerunt
457 2050 638 2114 serenitatis
654 2049 784 2114 Vestrae
805 2048 1040 2130 benignissimae
1063 2045 1101 2110 ad
1123 2043 1246 2108 llalmad

44 2151 128 2218 datae
152 2177 225 2222 cum
245 2158 369 2222 luclusis
385 2160 595 2242 Responsoriis
611 2159 755 2224 Bruininx
778 2159 816 2222 ad
832 2159 1013 2223 serenitatis
1030 2156 1156 2220 Vestrae
1170 2155 1244 2238 llpi-

44 2265 149 2328 stolam
174 2267 216 2330 de
238 2266 307 2332 dato
332 2270 363 2332 2.
379 2269 455 2334 Nor.
474 2268 562 2334 1709
585 2268 774 2333 Munbatsino
796 2268 946 2352 scriptae,
968 2266 1086 2330 accessi
1101 2283 1160 2346 ego
1175 2265 1243 2328 sine

44 2391 125 2438 mora
140 2376 304 2440 Dominum
324 2378 548 2442 Pensionarium
571 2383 604 2442 et
624 2377 795 2442 Mandatum
818 2376 999 2441 serenitatis
1013 2375 1141 2438 Vestrae
1162 2391 1242 2456 pun·

42 2483 182 2548 ctualiter
214 2491 358 2552 executus
380 2507 446 2552 sum
467 2486 743 2570 repraesentando;
771 2486 840 2552 Non
869 2503 1010 2568 sperasse
1039 2482 1245 2548 serenitatem

46 2587 181 2655 Vestram
203 2594 284 2659 buno
306 2593 372 2658 fore
399 2595 540 2660 effectum
567 2595 841 2665 assecuraticnum,
870 2613 943 2677 quas
970 2611 1048 2654 anno
1075 2589 1241 2675 praeterito

45 2699 161 2764 nomine
177 2701 243 2766 ΠΙ).
263 2701 326 2768 00.
344 2702 409 2768 GG.
437 2702 523 2768 uobis
550 2704 719 2788 impertitus
746 2703 855 2774 fuerit,
882 2701 987 2766 ridere
1014 2719 1063 2763 me
1088 2699 1248 2763 [torminum

46 2804 186 2874 bruininx
202 2812 250 2875 vel
265 2812 403 2892 segniter
418 2831 511 2894 agere
527 2813 574 2878 rel
591 2813 671 2877 nulla
687 2813 843 2894 accepisse
868 2809 1023 2882 mandata3
1040 2807 1245 2872 Serenitatem

46 2913 179 2984 Vestram
195 2920 345 2986 sinceram
360 2941 440 2992 esse,
463 2928 495 2986 et
510 2922 638 2986 credere
653 2942 701 2986 me
713 2922 858 2986 Dominos
872 2920 989 2985 alliatos
1005 2918 1112 2982 eadem
1128 2917 1238 2980 Since-

43 3024 126 3091 ritate
141 3049 205 3095 non
219 3029 377 3102 abusuros,
394 3036 444 3096 aut
459 3033 629 3116 Principem
645 3052 721 3097 vana
743 3052 799 3115 spe
814 3032 978 3096 laetaturos
994 3047 1086 3100 esse,
1103 3030 1173 3110 post
1193 3029 1239 3089 tot

46 3130 234 3202 Serenissimi
257 3138 475 3204 declarationes
498 3140 535 3204 ad
558 3139 758 3206 facilitandam
781 3141 889 3204 Pacem
905 3135 1101 3208 favorabilem
1125 3133 1237 3216 Rogari

46 3261 115 3324 ergo
129 3247 290 3312 Dominum
305 3249 529 3314 Pensionarium
551 3255 582 3314 ut
603 3249 777 3314 consideret
796 3268 863 3312 rem
882 3246 933 3310 bic
956 3245 1006 3328 agi
1023 3242 1234 3308 Conscientiae
1356 3265 1362 3274 ¹

48 3355 76 3413 et
89 3353 217 3420 Honoris
237 3358 301 3422 Dll.
327 3357 391 3423 00.
409 3358 473 3424 GG.
492 3359 584 3443 quisi
604 3360 694 3424 ullam
715 3358 905 3424 affectionem
921 3353 1001 3442 (sic)
1019 3373 1074 3438 pro
1084 3352 1236 3434 Hungaria

47 3457 115 3533 sint,
137 3463 225 3530 nobis
240 3484 314 3530 vere
330 3471 361 3530 et
376 3467 504 3551 positivo
519 3466 707 3552 respondere
724 3465 915 3536 debuissent,
934 3483 994 3526 non
1010 3481 1083 3527 vero
1100 3459 1238 3524 inanibus

49 3572 195 3649 promissis
219 3595 383 3659 suspensos
404 3581 510 3641 tenere
533 3581 564 3642 et
584 3597 640 3662 per
658 3577 691 3640 id
706 3575 864 3640 Vindictae
879 3572 1060 3639 Viennensis
1076 3569 1236 3634 Ministerii

52 3693 210 3760 exponere,
233 3682 311 3747 banc
335 3685 414 3747 enim
437 3685 463 3748 si
485 3685 559 3768 ipsis
575 3705 636 3752 non
651 3689 712 3748 mm
726 3685 852 3747 multum
873 3679 1124 3750 credidissemus,
1145 3677 1236 3740 facile

52 3785 152 3854 enare
168 3793 303 3875 potuisse
319 3792 397 3856 facta
413 3811 481 3856 cum
493 3793 600 3858 'lirrois
617 3793 820 3876 colligatione,
838 3809 914 3874 quae
927 3789 1088 3853 Caesarem
1098 3785 1135 3849 ad
1148 3784 1235 3851 nobis

52 3887 163 3962 ludam
178 3898 413 3964 satisfactionem
428 3902 501 3964 satis
518 3900 654 3984 obligare
670 3900 828 3983 potuisset,
844 3903 876 3962 et
891 3915 972 3962 nunc
988 3896 1078 3960 etiam
1090 3914 1150 3957 nou
1161 3914 1234 3978 par-

50 4015 104 4064 tam
123 4005 213 4070 faciet
228 4008 318 4072 armis
334 4009 501 4072 alliatorum
516 4009 741 4080 Diversionem,
766 4008 794 4072 si
816 4006 855 4071 ad
878 4004 1005 4068 eandem
1019 4001 1235 4086 acceptandam

53 4125 81 4168 se
99 4111 244 4198 obligatos
263 4116 395 4180 viderint
420 4116 632 4182 confoederati
655 4117 775 4188 Status,
798 4116 830 4178 in
853 4133 953 4178 casum
975 4130 1044 4176 eum
1066 4111 1093 4174 si
1113 4109 1235 4174 Domini

52 4209 137 4284 dlliati
152 4221 295 4304 positivae
311 4221 391 4288 Suae
404 4223 567 4286 Serenitati
584 4226 615 4286 et
627 4220 856 4287 Confoederatis
868 4217 1003 4285 Statibus
1018 4237 1078 4280 non
1094 4215 1239 4279 dederint

53 4330 276 4394 assecurationes
304 4335 335 4396 et
361 4331 447 4394 simul
469 4330 647 4395 sufficientia
674 4335 706 4394 et
731 4331 903 4415 potentiora
915 4326 1103 4392 ostenderint
1124 4322 1235 4395 media,

54 4431 142 4514 uigore
159 4458 285 4522 quorum
299 4439 348 4505 rel
363 4459 415 4504 res
437 4459 493 4523 per
513 4438 725 4504 mediationem
739 4437 913 4503 Eorundem
934 4431 1169 4503 accommodari,
1186 4431 1234 4494 vel

55 4540 75 4602 si
88 4548 196 4631 tempus
218 4545 380 4620 deficeret,
403 4548 621 4612 Scrcnissimus
636 4548 783 4631 Princeps
807 4552 838 4611 et
854 4542 1066 4610 confoederati
1083 4542 1185 4604 Status
1201 4540 1233 4602 in

83 4650 167 4700 rora..
183 4654 252 4702 mu.
266 4655 291 4700 u.
307 4655 424 4702 nummi.
983 4649 1001 4701 8
