3117 5084
1205 359 1279 430 117

70 535 284 600 serenitatem
305 537 442 600 Vestram
465 539 496 598 ct
519 535 648 600 Gentem
675 537 846 619 Hungaram
873 536 905 599 in
932 554 968 598 eo
996 538 1060 599 toto
1084 534 1221 607 extituri,
1249 538 1283 598 ut

71 644 240 708 Serenitas
252 643 360 708 Vestra
375 663 442 708 cum
458 643 723 708 confoederatione
738 645 888 727 inparem
903 641 1109 714 concludatur,
1124 647 1188 706 tum
1204 642 1283 704 enim

70 771 105 815 se
127 751 235 815 iibere
258 754 425 825 locuturos,
452 753 489 817 ed
513 753 591 837 quod
614 752 744 817 Caesare
768 757 828 817 tam
852 772 912 816 non
934 750 1130 835 indigebunt,
1158 749 1281 814 isuerd

72 861 190 924 Eorum
210 881 335 944 operam
352 881 473 944 semper
489 860 677 944 efflagitabit,
696 860 776 944 quod
792 879 872 923 nunc
888 859 986 923 adhuc
1000 857 1066 922 lieri
1084 879 1143 924 non
1159 859 1282 940 poterit,

73 971 288 1033 necessarium
310 969 340 1033 id
363 989 449 1041 esse,
472 975 505 1033 ut
528 974 653 1033 eatenus
670 970 827 1034 serenitas
844 970 952 1033 Vestra
974 987 1041 1033 cum
1063 969 1150 1051 Rege
1166 966 1283 1031 Galliae

71 1079 207 1161 positive
224 1080 394 1151 conveniat,
412 1099 469 1163 quo
486 1079 595 1143 aiiiatis
610 1077 657 1143 his
673 1077 911 1163 protestantibus
922 1078 1068 1142 Potentiis
1085 1076 1282 1140 inclusionem

71 1187 151 1251 hanc
174 1193 344 1272 proponat,
371 1192 403 1251 ct
425 1208 481 1273 per
497 1188 576 1251 Suos
592 1186 744 1252 idinistros
761 1185 989 1250 suffulciendam
1006 1185 1169 1268 diiigenter
1184 1189 1281 1248 curet.

73 1295 213 1359 Crareae
244 1296 409 1378 idajestatis
443 1296 616 1360 Aiiianciam
651 1299 684 1360 et
714 1294 936 1360 Protectionem
969 1294 1039 1358 dum
1074 1293 1171 1357 adlruc
1204 1311 1284 1355 nunc

74 1410 188 1487 potens
215 1409 264 1470 est
280 1406 394 1468 summe
411 1404 611 1468 necessariam
628 1424 696 1468 esse
714 1404 840 1468 credant
855 1403 1019 1468 Serenitati
1036 1404 1178 1474 Vestrae.
1194 1422 1286 1487 prae·

76 1514 185 1578 sertim
207 1513 279 1577 dum
300 1513 350 1577 hic
371 1533 431 1577 non
453 1511 567 1578 habens
589 1517 649 1578 tam
673 1514 795 1577 strictas
817 1533 885 1577 cum
907 1513 1039 1577 Caesare
1066 1513 1285 1596 colligationes,

77 1622 205 1686 liberius
223 1622 329 1686 Eidem
344 1622 425 1706 ioqui
442 1621 555 1706 poterit
569 1627 601 1686 et
616 1623 702 1686 simui
717 1642 819 1686 ansam
835 1621 918 1694 dare,
935 1626 968 1686 ut
983 1621 1150 1686 accedente
1166 1621 1285 1684 aliiato·

78 1751 143 1795 rum
166 1733 367 1803 mediatione,
394 1731 495 1803 firma,
512 1729 628 1795 stabilis
657 1735 689 1795 et
715 1730 793 1794 bona
810 1752 866 1815 pax
887 1730 1099 1801 conciudatur,
1119 1730 1286 1794 'furcarum

78 1841 221 1903 auxilium
237 1844 383 1922 expetere
399 1859 463 1902 rem
479 1858 549 1903 esse
565 1838 661 1904 adhuc
678 1839 842 1910 incertam,
867 1844 900 1904 et
915 1840 941 1903 si
957 1843 1041 1903 certa
1057 1838 1147 1909 foret,
1163 1837 1285 1921 pericu-

80 1949 186 2019 losam,
204 1969 265 2012 non
282 1949 360 2010 enin
377 1949 472 2011 solum
489 1951 520 2011 et
536 1946 592 2011 sub
608 1947 659 2011 iiio
676 1947 800 2011 amissas
815 1947 853 2010 iri
864 1947 1047 2018 Libertates,
1063 1946 1117 2009 sed
1135 1950 1166 2009 et
1182 1944 1286 2030 perdi·

79 2061 176 2119 mrum
184 2057 324 2120 Vestram
333 2055 535 2120 serenitatem
543 2055 683 2121 affectum
698 2055 793 2120 totius
806 2055 1036 2120 Christianitatis
1049 2059 1081 2118 et
1091 2053 1285 2119 Dominorum

80 2165 276 2235 dilictorum,
301 2165 352 2248 qui
371 2169 471 2228 tamen
494 2165 524 2228 in
542 2164 590 2230 his
606 2164 759 2230 modernis
776 2165 988 2249 Coniuncturis
1004 2162 1090 2248 plura
1106 2164 1210 2227 facere
1226 2181 1286 2226 non

80 2273 246 2355 potuerint.

171 2384 236 2447 iter
251 2403 348 2446 meum
365 2385 562 2466 anglicanum
579 2384 784 2449 necessarium
801 2405 859 2448 aon
875 2405 955 2456 esse,
973 2384 1044 2469 quin
1060 2383 1119 2447 imo
1135 2381 1287 2446 interesse

84 2491 266 2557 Serenitatis
282 2492 409 2557 Vestrae
424 2493 592 2578 requirere,
609 2497 642 2556 ut
657 2493 790 2557 Earrdem
807 2493 845 2557 dc
861 2494 907 2558 liis
924 2493 1059 2556 omnibus
1075 2491 1239 2576 punctatim
1256 2493 1288 2553 et

85 2601 193 2664 secure
209 2603 242 2664 in
258 2603 392 2674 formam,
411 2621 487 2686 quae
499 2602 678 2686 intempore
690 2603 768 2686 apud
782 2603 1045 2666 omnesPotentias
1057 2600 1115 2666 sibi
1127 2598 1288 2683 providere

87 2711 190 2791 possit,
206 2713 322 2793 Regem
338 2709 509 2783 Bcrussiae,
522 2711 691 2795 Principem
708 2711 738 2773 in
754 2710 882 2794 imperio
895 2711 1053 2774 Potentem
1069 2727 1156 2781 esse,
1178 2705 1290 2771 lucrari

86 2819 182 2884 adhuc
195 2820 311 2884 debere
321 2819 494 2884 illectorem
504 2820 716 2893 Hanovianum,
732 2820 876 2905 imprimis
892 2824 924 2883 et
938 2820 965 2883 si
980 2818 1047 2882 fieri
1062 2817 1175 2901 poterit
1185 2815 1288 2878 Land-

88 2928 219 3008 grauium
232 2928 366 3000 Hassiae
383 2928 430 2993 his
446 2929 477 2992 in
492 2929 620 3012 imperio
637 2928 724 2993 nobis
741 2929 910 2992 faventibus
923 2928 1135 3012 Imperatorem
1151 2943 1289 3010 pressum

87 3037 174 3100 etiam
196 3057 253 3122 per
268 3038 396 3102 litteros
420 3043 479 3102 tam
502 3057 558 3120 par
574 3037 800 3121 Complaisance
824 3035 980 3101 nobiscum
1002 3055 1109 3119 pacem
1125 3035 1288 3098 conclusu-

89 3163 161 3218 rum,
180 3165 268 3229 quam
286 3146 441 3230 hucusque
457 3150 516 3209 tam
533 3146 637 3210 dolose
654 3146 820 3216 evitaverit,
846 3145 1052 3208 necessarium
1072 3144 1198 3225 insuper
1218 3161 1290 3205 esse

90 3257 120 3312 ut
135 3271 260 3337 semper
271 3252 389 3316 Domini
400 3252 499 3316 Aliiati
516 3252 555 3316 de
568 3252 788 3316 Constitutione
810 3253 973 3316 animorum
988 3251 1019 3314 in
1036 3250 1187 3332 ilungaria
1204 3247 1290 3311 etde

91 3357 331 3424 iicsciutionibus
353 3360 532 3424 serenitatis
554 3360 613 3425 V'·⁸
633 3360 848 3433 informentur,
871 3363 975 3424 Aulam
998 3360 1177 3423 Caesaream
1202 3357 1290 3420 aliter

92 3469 184 3530 amnia
209 3469 344 3539 referre,
370 3469 565 3552 reliquendus
587 3489 655 3533 esse
680 3469 828 3534 Cardonel
851 3470 958 3534 Clares
981 3467 1080 3555 (quod
1101 3472 1133 3531 et
1154 3463 1232 3551 feci)
1256 3466 1291 3528 ut

93 3595 144 3638 nos
158 3577 213 3649 iiii,
230 3577 281 3640 ille
297 3597 369 3642 vero
386 3576 472 3641 nolois
489 3578 659 3642 necessario
679 3579 873 3661 perscribere
894 3582 994 3661 queat.
1026 3575 1183 3640 Dominum
1199 3573 1290 3636 Birn·

95 3681 170 3747 dorii
190 3706 228 3749 eo
251 3684 331 3768 quod
353 3685 600 3750 Credentionales
623 3685 734 3751 habeat
754 3688 785 3750 in
806 3687 942 3769 Angiiam
967 3685 1116 3749 abiturum
1140 3688 1172 3747 et
1192 3681 1290 3746 omnia

93 3808 156 3854 mea
167 3793 298 3856 exhibita
310 3793 424 3877 scripta
436 3795 570 3876 Reginae
586 3793 774 3868 traditurum,
793 3813 881 3878 quem
897 3791 1239 3858 recommendationibus
1253 3787 1291 3852 ad

97 3900 236 3966 Comitem
252 3903 439 3968 Sunderiand
455 3904 571 3968 muniit.
602 3903 693 3968 Piniit
708 3905 774 3968 Dux
790 3903 878 3969 nobis
895 3905 1015 3988 utrique
1038 3903 1160 3967 felicem
1174 3903 1234 3965 iter
1257 3906 1289 3966 et

96 4009 226 4076 Peditum
243 4031 365 4084 vorens,
378 4013 579 4076 assecurando
595 4031 630 4077 se
642 4013 717 4084 Deo,
732 4013 813 4078 Suae
825 4013 989 4078 Serenitati
1006 4011 1170 4076 tumetium
1179 4010 1288 4073 Domui

97 4119 266 4184 iustriacae
280 4121 395 4186 servire
412 4121 599 4204 procurando
615 4122 761 4186 sinceram
780 4127 811 4186 et
826 4122 964 4186 stabilem
974 4123 1093 4193 Pacem,
1110 4140 1203 4204 super
1214 4122 1290 4185 taies

98 4245 164 4310 quas
187 4231 339 4313 generose
356 4229 519 4294 Serenitati
535 4229 662 4295 Vestrae
683 4232 797 4316 placuit
811 4233 966 4297 resoluere
987 4231 1130 4295 honestas
1146 4234 1178 4292 et
1193 4227 1291 4292 raiso-

98 4337 205 4404 uides
222 4338 427 4403 Conditiones.

181 4447 351 4530 Respondi:
376 4447 467 4512 Suom
484 4447 697 4513 Celsitudinem
719 4449 831 4534 optimi
847 4447 1033 4514 informatam
1049 4465 1128 4520 esse,
1143 4443 1290 4508 intentio·

101 4571 160 4618 nem
171 4557 285 4620 realem
298 4556 495 4640 expeditionis
515 4557 686 4622 menenihii
699 4556 873 4631 aliudesse,
887 4577 976 4642 quam
988 4561 1021 4621 ut
1032 4555 1158 4640 positiva
1169 4552 1290 4618 tandem
