3117 5084
310 310 360 381 22

307 483 539 549 Posnaniensem
560 481 598 545 ad
613 483 645 548 S.
663 484 699 547 V.
716 482 826 556 direxi,
843 489 876 549 et
895 487 1055 567 propterea
1070 501 1106 545 eo
1122 481 1217 563 magis
1232 480 1323 546 credo
1339 499 1394 543 eas
1410 485 1498 543 certo

309 593 440 677 perlatas
464 610 541 655 esse.
578 590 814 675 Expectabamus
838 593 982 657 hactenus
1009 590 1086 656 aridi
1109 589 1193 653 ducis
1217 588 1255 653 de
1278 587 1499 671 lllarlborougb

309 719 487 785 responsum
515 698 594 782 quod
624 699 661 764 ob
694 705 833 766 mutatam
864 701 942 764 aeris
968 702 1176 784 tempestatem
1204 718 1279 782 quae
1306 698 1499 763 celeritatem

310 810 545 873 Tabellariorum
561 807 713 892 impedivit
729 810 782 873 20.
799 810 894 873 solum
908 809 1020 873 mensis
1041 807 1128 890 hujus
1144 807 1272 872 advenit.
1302 806 1449 870 Declarat
1461 826 1500 869 se

310 919 457 983 antelatus
482 917 540 981 dux
560 917 592 979 in
613 918 812 1003 responsoriis
835 918 872 982 ad
895 917 1001 981 milord
1016 915 1090 981 Rubi
1110 920 1156 980 sat
1172 915 1250 980 bene
1266 916 1501 980 intentionstum

309 1048 364 1113 pro
387 1047 476 1092 eausa
492 1026 525 1091 S.
543 1025 578 1091 V.
595 1026 625 1089 id
648 1027 727 1111 quod
748 1027 868 1093 felicem
889 1032 1028 1092 eventum
1049 1026 1244 1109 negotiationi
1265 1045 1389 1109 sperare
1406 1023 1503 1107 jubet

309 1139 357 1204 rel
373 1138 497 1201 maxime
513 1135 581 1199 ideo
600 1136 676 1220 qvod
693 1141 724 1201 et
739 1140 833 1200 status
850 1136 946 1218 Belgii
962 1140 1152 1206 assecurent,
1174 1156 1209 1199 se
1229 1155 1284 1219 pro
1307 1133 1387 1198 omni
1404 1153 1501 1218 posse

308 1266 359 1310 res
375 1250 492 1309 nostras
513 1248 718 1329 promoturos;
742 1249 772 1309 et
793 1244 938 1329 siqnidem
966 1244 1023 1308 dux
1039 1244 1077 1307 de
1091 1242 1304 1326 llarlborougb
1319 1243 1442 1308 Domini
1457 1242 1499 1305 de

308 1353 465 1421 lablonslri
487 1358 519 1417 et
541 1372 636 1415 meam
658 1353 785 1437 requirit
805 1353 1020 1437 praesentiam,
1044 1354 1197 1416 Bruxellas
1219 1351 1366 1437 perendie
1388 1372 1501 1415 more·

310 1462 407 1527 bimus
416 1483 425 1538 ;
449 1482 506 1546 ego
531 1482 602 1526 uero
620 1461 689 1525 iude
705 1462 818 1545 Hagam
833 1482 869 1527 ac
883 1461 1002 1526 tandem
1020 1482 1085 1526 cum
1101 1461 1339 1527 Resolutionibus
1354 1461 1393 1525 ad
1410 1462 1447 1527 S.
1461 1461 1503 1525 V.

313 1592 486 1655 regressum
502 1569 678 1636 meditabor.
703 1570 786 1653 Quae
802 1592 857 1655 per
873 1571 1028 1636 Dominum
1045 1570 1083 1635 de
1097 1570 1177 1635 llada
1192 1569 1230 1634 ad
1244 1570 1329 1635 Dom.
1340 1568 1505 1637 dablouslri

312 1681 445 1745 directae
467 1680 587 1746 fueraut
608 1678 714 1744 literae
737 1679 904 1763 duplicatae
927 1679 964 1743 ad
991 1698 1094 1762 regem
1115 1680 1228 1743 Daniae
1253 1680 1332 1743 bene
1358 1678 1504 1743 redditae

310 1794 396 1861 suut,
420 1793 451 1855 et
473 1787 551 1873 quod
574 1786 667 1872 qroad
689 1787 806 1871 priores
827 1793 926 1852 actum
950 1789 1003 1859 sit,
1027 1788 1243 1873 praecedentes
1266 1808 1351 1853 meae
1374 1787 1505 1853 uberius

313 1901 511 1965 declararunt.
551 1896 749 1961 serenissima
771 1895 868 1961 adhuc
884 1898 1069 1980 Regiomonti
1090 1903 1151 1970 est,
1175 1902 1207 1961 et
1229 1898 1376 1982 siquidem
1391 1899 1503 1981 vigore
1553 1881 1554 1884 Ἴ

314 2027 446 2072 mearum
463 2010 493 2070 et
508 2004 626 2069 Domini
641 2006 781 2071 Fierrille
797 2005 835 2069 ad
851 2006 883 2070 S.
900 2006 936 2071 V.
958 2005 1091 2069 datarum
1115 2026 1150 2070 ex
1173 2006 1271 2071 multis
1287 2008 1386 2071 causis
1401 2009 1503 2072 Sere-

314 2114 453 2181 nissimae
469 2114 595 2197 pecunia
612 2114 738 2186 deiecit,
754 2114 898 2180 Dominus
913 2114 1066 2179 Jablonsli
1083 2116 1189 2199 partim
1211 2116 1388 2200 adpetitum
1404 2118 1506 2182 Sere-

314 2224 454 2289 nissimae
476 2223 583 2306 partim
606 2222 643 2286 ad
662 2223 871 2307 persuasiones
892 2242 989 2296 meas,
1016 2229 1050 2288 ut
1070 2244 1106 2288 eo
1128 2225 1222 2308 magis
1244 2225 1393 2289 sinceram
1417 2245 1501 2311 qvam

314 2333 347 2397 S.
361 2331 396 2397 V.
410 2330 560 2396 serviendi
574 2329 666 2395 habet
681 2332 875 2395 intentionem
888 2331 1115 2405 demonstraret,
1127 2332 1343 2397 Serenissimae
1355 2334 1504 2399 hodierna

316 2442 406 2506 Posta
420 2440 594 2504 transmittit
607 2439 694 2505 5345
706 2442 768 2506 tall.
787 2461 824 2504 ex
839 2440 884 2504 his
898 2438 984 2504 lato
1000 2463 1055 2526 pro
1071 2443 1138 2524 agio
1155 2448 1186 2507 et
1201 2443 1266 2507 aliis
1283 2442 1506 2509 Serenissimae

314 2548 452 2632 expensis
460 2548 510 2613 hic
518 2549 700 2632 consumptis
709 2550 910 2614 eomcaeteris
918 2550 1180 2615 Serenissimaiter
1188 2551 1392 2635 aggredietur.
1402 2554 1508 2637 Super
1553 2635 1554 2642 ἵ

313 2657 390 2721 hanc
411 2676 552 2721 summam
573 2657 745 2742 praedictus
761 2659 902 2723 Dominus
924 2659 1079 2725 dablonslri
1102 2658 1189 2724 tidem
1215 2682 1297 2725 suam
1324 2662 1504 2726 cambialem

315 2766 496 2849 interposuit
522 2786 576 2851 pro
599 2764 621 2831 4
644 2766 805 2832 mensibus.
844 2768 937 2851 Igitur
963 2767 1041 2853 apud
1063 2769 1095 2833 S.
1117 2769 1153 2833 V.
1175 2769 1336 2834 humillime
1361 2772 1505 2855 supplico
1553 2767 1554 2846 ζ

316 2879 461 2958 quatenus
484 2874 715 2939 clementissime
737 2876 816 2941 hunc
838 2877 976 2941 allectum
991 2877 1109 2941 Domini
1123 2878 1277 2943 lablonslri
1292 2880 1453 2964 respicere
1472 2902 1507 2945 ac
1553 2937 1554 2944 ,

314 2983 525 3067 dispositiones
548 2982 765 3067 benignissime
782 2984 847 3049 lieri
863 2989 948 3049 curet
965 2986 997 3051 S.
1014 2986 1061 3058 V.‚
1078 2990 1110 3050 ut
1124 2986 1201 3051 haec
1216 3008 1326 3051 summa
1342 2989 1380 3053 ad
1397 2991 1507 3054 termi-
1553 3031 1554 3040 .

318 3111 387 3157 uum
401 3092 527 3156 Domino
541 3092 695 3157 dablonslri
719 3096 916 3179 persolvatur,
939 3116 977 3159 ue
993 3095 1125 3181 periculo
1143 3095 1276 3160 cambiali
1292 3098 1323 3160 in
1338 3097 1506 3162 deffectum

315 3202 471 3266 solutionis
484 3208 657 3286 exponatur.
673 3203 863 3269 llilordRabi
875 3204 951 3270 S.V.
970 3205 1086 3288 quaeris
1099 3204 1196 3269 officia
1208 3211 1361 3291 praestare
1377 3211 1505 3290 paratus
1553 3222 1554 3230 ¹

313 3310 390 3376 haue
412 3312 663 3376 assecurationem
681 3313 713 3379 S.
730 3314 765 3379 V.
789 3313 891 3378 lacere
909 3313 1015 3395 jussit,
1038 3297 1126 3378 uuum
1149 3316 1196 3380 vel
1221 3316 1345 3379 alterum
1364 3336 1419 3379 sas
1443 3317 1507 3381 riui

315 3421 477 3503 Hungarici
493 3422 588 3506 ipsum
603 3422 726 3487 multum
742 3422 883 3487 stabiliet.
913 3422 1019 3487 Comes
1036 3423 1074 3487 de
1086 3423 1266 3498 Rechtereu,
1278 3425 1339 3508 jam
1351 3425 1506 3493 Wiennae

317 3532 364 3593 est
386 3530 434 3593 cui
454 3551 471 3593 a
492 3530 617 3594 statibus
634 3530 666 3595 S.
683 3532 721 3597 V.
739 3553 828 3597 causa
844 3532 923 3596 serio
941 3534 1114 3606 oommissa;
1136 3554 1215 3598 nuno
1237 3534 1286 3598 bic
1309 3535 1379 3599 nihil
1403 3535 1507 3616 agitur

318 3638 374 3702 uisi
391 3640 497 3703 maturi
513 3646 670 3724 apparatus
687 3642 808 3717 Delliei;
841 3644 942 3725 regius
959 3646 1036 3709 enim
1053 3644 1192 3728 princeps
1209 3649 1305 3709 castra
1321 3646 1352 3708 in
1366 3644 1505 3709 Brabon-

318 3746 388 3811 tiam
404 3754 548 3833 sequetur
564 3754 622 3814 eto.

891 3843 922 3907 8.

481 3949 667 4014 Bericht
708 3949 958 4015 desselben
992 3974 1041 4017 an
1074 3954 1336 4020 denselben.

634 4058 744 4124 crinas
760 4060 903 4124 uersum
920 4061 950 4126 r.
967 4041 1064 4145 uaroj
1083 4063 1180 4129 oros.

408 4185 451 4248 Ad
468 4184 501 4249 S.
518 4185 554 4250 V.
572 4185 722 4250 ultimario
745 4186 878 4251 datarum
898 4192 986 4253 tenor
1000 4187 1057 4254 mit
1071 4190 1140 4274 qvid
1164 4191 1200 4254 ad
1220 4190 1273 4255 2³.
1297 4211 1392 4276 usque
1408 4191 1497 4257 Febr.

316 4294 345 4356 in
360 4295 558 4378 promovenda
582 4295 614 4359 S.
632 4296 666 4359 V.
692 4314 782 4361 causa
802 4297 842 4361 sit
863 4304 975 4371 actum,
998 4302 1031 4362 et
1044 4298 1189 4382 imprimis
1204 4300 1262 4363 iter
1277 4300 1314 4363 ad
1329 4300 1436 4365 ducem
1459 4301 1496 4365 de

318 4401 527 4485 Marlborougb
545 4410 715 4488 suscepturo
730 4404 936 4490 indigitabaut.
962 4408 1049 4473 Nunc
1070 4408 1163 4491 igitur
1178 4410 1234 4474 deo
1251 4410 1327 4474 duce
1343 4409 1496 4493 bucusque

319 4530 384 4575 cum
408 4511 483 4575 dom.
508 4510 663 4577 lablonslri
689 4513 819 4582 feliciter
844 4517 1024 4601 appulimus;
1051 4517 1253 4585 existimabam
1280 4518 1421 4603 equidem
1441 4540 1493 4585 uos
