3117 5084
1228 302 1275 379 bl

72 475 109 539 id
135 498 196 540 non
218 480 314 543 solum
339 480 373 543 S.
388 479 422 543 V.
439 480 659 543 satisfacturum
683 484 787 563 utpote
809 500 885 563 quae
903 500 957 561 per
979 480 1092 543 ideam
1116 479 1204 543 bonis
1220 478 1282 542 suis

70 586 258 669 lluugarieis
276 594 307 651 et
323 588 472 652 Polonicis
497 587 795 651 communicationem
811 587 925 651 babere
942 592 974 652 et
990 587 1111 652 Caesari
1134 588 1192 669 ipsi
1216 589 1278 652 for-

71 693 228 759 midabilis
244 716 313 761 esse
329 702 433 780 posset
448 717 483 761 ac
496 697 656 762 arctiorem
670 718 737 761 cum
750 697 860 761 alliatis
871 696 1083 761 intertenendo
1097 716 1281 780 correspon-

72 802 210 867 dentiam
235 826 253 869 e
269 806 391 889 specula
413 806 535 889 quadam
553 807 708 888 Hungaras
730 826 912 870 conseruare
929 805 1105 878 libertates,
1122 806 1282 886 Traussyl-

71 912 195 975 reniam
211 912 368 977 electionis
384 914 478 977 solum
501 917 533 976 et
556 912 637 977 feudi
654 913 725 995 jure
742 913 775 978 S.
790 913 825 978 V.
842 893 920 978 tradi
937 933 1027 996 posse
1043 934 1119 997 qvae
1136 934 1153 976 a
1169 913 1279 976 familia

72 1040 133 1103 per
155 1022 253 1085 varios
277 1042 363 1085 casus
386 1022 495 1086 iterum
518 1022 606 1087 auelli
631 1022 748 1106 quiret,
773 1020 828 1085 sed
853 1022 928 1087 haec
944 1022 1146 1086 haereditario
1163 1027 1278 1085 etcum

70 1149 220 1213 supremo
242 1130 378 1214 imperio,
395 1131 515 1195 uidetur
531 1152 605 1214 ergo
624 1152 682 1195 nou
704 1132 802 1195 solum
817 1132 851 1195 S.
865 1132 899 1196 V.
917 1131 959 1194 illi
972 1135 1098 1214 paterno
1116 1129 1278 1202 desiderio,

71 1236 317 1324 satisfacturam,
341 1242 373 1302 ut
394 1238 536 1303 videlicet
558 1239 655 1303 Patria
672 1240 814 1320 Hungara
830 1238 957 1323 pristino
981 1239 1072 1303 statui
1095 1238 1282 1309 restituatur,

72 1344 132 1407 sed
160 1352 192 1409 et
213 1347 246 1409 S.
271 1346 304 1411 V.
328 1366 383 1432 pro
406 1347 574 1431 principatu
598 1347 688 1411 feudo
721 1346 848 1411 obnoxio
878 1347 1006 1411 liberum
1036 1348 1107 1413 licet
1133 1348 1279 1412 minorem

71 1453 277 1520 obtenturam.
308 1456 427 1520 interea
451 1461 551 1520 tamen
575 1457 607 1519 S.
627 1457 660 1520 V.
679 1457 868 1541 relinquitur,
889 1456 959 1541 qvid
976 1462 1008 1520 et
1023 1476 1098 1541 qvae
1113 1477 1130 1519 a
1147 1456 1277 1521 Caesare

73 1563 279 1647 praetendere
296 1565 434 1629 voluerit.
463 1565 636 1630 Cedendum
661 1572 745 1629 certe
762 1566 890 1649 tempori
907 1572 991 1650 putat
1006 1586 1059 1629 rex
1072 1565 1234 1629 borussiae
1250 1572 1281 1631 et

74 1672 300 1737 consideranda
323 1674 413 1739 etiam
444 1675 542 1739 sutura
571 1696 664 1759 qvae,
693 1674 719 1737 si
746 1673 860 1739 bellum
883 1674 1085 1757 Hungaricum
1113 1674 1279 1739 infeliciter

71 1782 224 1856 liniretur,
241 1782 272 1844 in
288 1782 321 1847 S.
336 1782 369 1848 V.
387 1788 438 1847 aut
452 1782 593 1846 familiam
608 1802 691 1847 sumn
707 1784 754 1849 rix
770 1782 942 1847 redundare
958 1788 1094 1866 possent,
1111 1804 1187 1868 qvae
1203 1790 1277 1856 turn,

70 1892 98 1953 si
122 1891 342 1957 honorabiliter
363 1912 468 1976 pacem
492 1892 692 1965 concluserit,
718 1896 803 1956 certo
828 1892 950 1957 euenire
973 1896 1126 1975 poterunt.
1159 1892 1276 1956 Corona

70 2000 229 2072 Polonica,
245 2000 271 2063 si
288 2001 378 2065 Sueci
396 2001 519 2066 ulterius
536 2002 672 2065 infelices
689 2001 812 2073 suerint,
825 2001 857 2064 S.
871 2002 907 2065 V.
918 2000 1004 2064 auide
1021 2001 1152 2085 excipiet
1167 2006 1199 2065 et
1211 2003 1278 2065 aula

73 2109 238 2173 Borussica
262 2109 293 2172 in
316 2127 384 2173 eum
409 2129 510 2174 casum
531 2110 645 2173 attuiliis
662 2108 724 2173 suis
741 2130 801 2173 non
817 2109 965 2175 defutura.
997 2110 1111 2174 Domus
1127 2110 1276 2173 austriaca

72 2222 105 2281 in
131 2236 272 2283 oceasum
294 2218 428 2303 quotidie
447 2220 567 2303 vergit,
595 2218 663 2281 dum
690 2218 749 2283 duo
776 2218 886 2282 fratres
914 2218 1095 2282 haeredibus
1121 2217 1277 2302 hucusque

71 2329 194 2395 carent,
211 2324 261 2409 qui
278 2344 375 2410 neque
391 2326 515 2390 ulterius
533 2331 771 2409 praesumuntur.
796 2325 1027 2409 Impressionem
1043 2326 1183 2389 fecerunt
1200 2325 1279 2389 lacta

73 2433 105 2495 in
120 2434 246 2517 nuperis
258 2433 355 2499 literis
371 2433 586 2517 dellnngariae
596 2432 854 2499 demembratione
869 2438 1046 2518 argumenta
1058 2452 1134 2519 quae
1151 2434 1182 2497 iu
1197 2434 1281 2497 illurn

73 2560 180 2605 casum
196 2541 385 2607 effectuanda
402 2541 579 2607 allaborabit
594 2543 660 2607 aula
675 2542 854 2617 Borussica;
878 2541 1083 2607 necessarium
1105 2546 1205 2605 umen
1221 2547 1280 2614 est,

72 2656 106 2715 ut
121 2650 155 2714 S.
164 2648 200 2715 V.
214 2650 407 2715 examinando
419 2650 496 2715 baec
513 2652 610 2715 omnia
622 2650 788 2717 honorifice
802 2670 911 2735 pacem
927 2650 1086 2715 concludat
1103 2655 1135 2715 et
1150 2649 1188 2715 ad
1203 2649 1280 2714 baec

72 2764 158 2825 rasta
174 2760 311 2843 projecta
327 2780 361 2823 so
377 2780 558 2845 praeparare
572 2760 705 2844 incipiat.
719 2761 826 2827 Omnia
834 2764 932 2825 numm
944 2759 1021 2824 baec
1033 2779 1121 2843 qvam
1134 2759 1279 2824 citienses

72 2866 141 2931 lieri
154 2866 280 2932 debent.
294 2870 353 2931 Pax
364 2870 501 2931 nimirum
511 2869 638 2933 maxime
647 2868 754 2940 uicina,
764 2867 860 2932 rideri
872 2867 993 2952 quidem
1002 2872 1106 2950 posset
1114 2868 1280 2931 'turcarum

73 2978 218 3043 auxilium
240 2975 278 3041 ad
303 2976 531 3041 continuandum
554 2977 666 3042 bellum
687 2976 836 3051 medium,
859 2975 916 3040 sed
931 2996 1003 3041 vero
1020 2977 1187 3060 imperator
1202 2975 1281 3040 faeta

72 3106 151 3171 pace
168 3085 387 3171 undiquaquam
404 3086 505 3170 copias
518 3105 713 3169 congregare
730 3091 762 3149 et
778 3104 817 3148 ne
832 3084 1013 3149 forsTureis
1026 3084 1147 3147 exitium
1158 3081 1280 3147 adferre

72 3200 188 3278 potest.
230 3194 312 3258 llaec
336 3198 423 3266 sunt,
448 3200 572 3259 seren'l‘
592 3194 752 3277 princeps,
769 3213 845 3279 quae
860 3192 996 3277 inprimis
1011 3193 1044 3257 S.
1061 3191 1097 3256 V.
1114 3190 1276 3257 referenda

72 3302 182 3375 babui;
206 3303 274 3389 qvia
297 3322 369 3367 vero
392 3304 475 3387 pacis
500 3303 653 3387 negotium
668 3308 750 3367 ann
766 3321 834 3367 eum
849 3302 1006 3367 eeleritate
1022 3302 1152 3383 agitatur
1168 3305 1200 3364 et
1214 3320 1274 3384 ego

70 3414 183 3499 partim
200 3412 238 3477 ob
255 3410 385 3476 nondum
401 3417 542 3497 acceptas
555 3412 638 3495 regis
648 3412 809 3485 Borussiae
825 3412 939 3483 literas,
951 3410 1059 3495 partim
1070 3409 1108 3474 ob
1122 3409 1275 3473 delectum

70 3521 241 3587 mediorum
256 3520 315 3583 iter
331 3520 420 3585 eitius
435 3520 521 3585 finire
538 3540 665 3607 nequeo,
679 3540 716 3584 ea
731 3518 788 3584 sub
804 3520 923 3603 triplice
939 3517 977 3583 ad
988 3520 1022 3584 S.
1035 3518 1070 3583 V.
1088 3517 1276 3601 expedienda

72 3632 196 3703 censui,
219 3635 352 3716 utquam
367 3631 495 3715 primum
511 3630 545 3695 S.
558 3630 593 3695 V.
611 3629 706 3714 pedes
723 3629 853 3694 oseulari
868 3627 988 3693 licuerit
1011 3648 1079 3692 cum
1101 3628 1167 3711 ejus
1183 3646 1278 3709 super

72 3742 152 3806 banc
174 3758 271 3803 meam
295 3738 454 3824 epistolam
478 3738 686 3825 impertiendis
715 3738 950 3803 resolutionibus
966 3736 1003 3801 ad
1027 3737 1145 3802 alliatos
1171 3736 1273 3799 redire

71 3850 173 3915 liceat.
217 3847 350 3913 Dacicae
377 3848 483 3932 copiae
509 3852 541 3913 et
567 3848 713 3933 principis
737 3846 868 3928 Eugenii
895 3845 1033 3927 regimen
1059 3865 1097 3909 ex
1119 3841 1275 3927 lluugeria

72 3958 253 4025 educuntur.
648 4046 689 4110 19

244 4156 433 4221 Rericbt
471 4154 722 4219 desselben
759 4176 808 4217 an
844 4153 1109 4217 desselben.

422 4266 632 4347 Regiomonto,
659 4264 709 4327 t8.
727 4263 810 4329 Junii
831 4264 927 4328 1709.

163 4394 197 4458 S.
215 4395 249 4458 V.
272 4413 329 4478 per
344 4392 493 4476 triplicem
510 4391 540 4454 in
557 4390 667 4456 ultimis
683 4390 757 4453 meis
774 4389 813 4453 de
829 4387 899 4451 dato
918 4386 970 4451 18.
987 4387 1055 4470 May
1071 4391 1103 4449 et
1122 4386 1173 4449 ta.
1189 4385 1270 4450 lunii

73 4504 221 4569 notificari
237 4500 431 4569 hummillime
448 4520 483 4567 ea
499 4520 573 4585 qvae
590 4498 622 4565 S.
633 4498 668 4563 V.
681 4497 857 4583 quantocius
868 4496 949 4561 scire
961 4494 1120 4581 oportebat
1131 4497 1163 4559 et
1173 4494 1271 4558 nullus

1006 4602 1023 4653 4
1035 4602 1051 4635 d
