3117 5084
1217 347 1288 420 tet

88 519 231 585 omnibus
246 539 317 584 sese
332 521 475 602 ingerere
490 519 592 584 vellet.
621 513 684 583 Sed
701 535 767 584 cunr
780 520 844 603 jun
859 520 977 585 eboode
993 529 1083 587 notus
1095 523 1146 595 sit,
1160 529 1294 607 praestat

88 629 176 694 illurn
204 629 323 712 penitus
349 629 523 714 relinquere
547 628 597 712 qui
623 635 730 712 suapte
750 629 882 694 vanitate
903 649 954 693 res
974 630 1122 714 Principis
1148 632 1293 716 imprimis

87 735 238 820 neglexit,
255 736 325 800 dein
341 739 501 821 conjuncte
517 735 677 802 ferocitate
693 736 845 808 discessit,
862 737 959 802 omnia
974 739 1063 803 urinis
1073 739 1212 824 impleus,
1225 759 1293 804 cum

87 855 192 910 tmnen
214 865 289 910 vana
309 846 349 910 sit
370 845 436 910 sine
456 843 569 908 viribus
593 845 647 908 ira.
680 845 714 908 si
737 844 864 910 ulterius
880 865 1001 930 quoque
1021 848 1167 912 molestus
1189 848 1290 922 fuerit,

88 953 207 1039 poterit
222 954 254 1018 P.
271 954 308 1018 D.
324 953 358 1018 V.
375 953 503 1018 eundem
528 951 564 1016 ud
581 952 618 1015 ll.
637 952 670 1016 C.
688 953 854 1037 Bercseny,
876 958 983 1037 utpote
1012 974 1030 1018 e
1053 972 1112 1039 quo
1134 957 1292 1022 comissio-

90 1081 165 1128 nem
181 1061 350 1145 assumpsit,
367 1063 518 1144 relegare,
534 1064 567 1124 ut
582 1060 613 1124 io
629 1061 703 1124 Aula
721 1060 835 1126 Cnarea
850 1063 996 1146 requiret.

185 1171 267 1253 Quae
289 1189 345 1252 per
359 1170 396 1234 l).
413 1169 452 1233 de
468 1169 584 1233 Palmes
601 1169 809 1241 innotescunt,
825 1170 876 1234 illa
899 1189 958 1253 ego
979 1171 1097 1255 pridem
1118 1176 1150 1235 et
1170 1189 1292 1255 semper

89 1278 238 1363 praedixi.
271 1278 355 1360 Quae
370 1277 524 1360 Eugenius
540 1275 687 1360 Princeps
703 1276 821 1349 suadet,
836 1279 925 1361 plena
942 1279 1044 1344 forent
1059 1279 1237 1351 dedecoris,
1260 1287 1293 1346 et

87 1407 150 1452 nou
164 1386 293 1471 periculi
305 1386 413 1458 solum,
425 1384 479 1450 sed
493 1384 679 1452 certissimae
691 1384 919 1450 internecionis.
935 1386 1081 1452 Nimirum
1092 1387 1290 1454 uosGallico-

86 1495 227 1560 Italicum
255 1494 327 1558 illud
355 1494 508 1578 ingenium
535 1493 661 1558 stolidos
690 1493 851 1558 existimat.
889 1493 1041 1562 Concessa
1069 1517 1142 1562 vero
1169 1496 1207 1562 ab
1229 1498 1290 1561 Suo

87 1603 188 1687 Regia
215 1603 356 1666 Prussiae
382 1602 540 1684 biejestate
566 1603 718 1666 Proiectis
749 1601 954 1667 serenissimo
982 1604 1115 1689 Principi
1143 1605 1291 1689 uobisque

86 1712 200 1775 merito
217 1711 359 1774 maximae
376 1716 424 1775 est
439 1709 637 1776 consolationi
643 1731 653 1783 ;
669 1709 734 1774 Nec
756 1710 899 1775 morabor
920 1712 987 1797 ipse
1003 1733 1123 1797 quoque
1139 1715 1290 1796 exiguum,

87 1819 172 1905 quod
189 1825 316 1904 potuero
332 1819 449 1903 pondus
466 1817 589 1891 addere,
601 1824 634 1883 ut
649 1818 712 1882 Sua
724 1817 882 1883 Serenitas
894 1839 967 1902 pree
978 1822 1143 1885 Turcarom
1153 1821 1290 1894 foedere,

85 1945 226 2014 praeque
242 1928 308 1992 aliis
323 1947 400 2012 quae
416 1945 579 1992 occurrere
596 1931 723 2010 possunt
737 1925 845 1989 mediis
861 1927 919 1992 boc
936 1930 1050 2014 asylum
1071 1930 1181 2012 eligat,
1197 1928 1290 1994 uerbo

84 2039 185 2121 Regio
201 2036 277 2100 tanti
293 2035 441 2119 Principis
458 2034 524 2098 sine
540 2034 738 2099 haesitatione
754 2031 884 2098 fidendo.

181 2147 244 2210 Huc
267 2142 324 2208 sub
346 2143 450 2208 umbra
472 2148 597 2226 peccate
620 2140 872 2225 praestolabimur
892 2143 964 2228 quid
979 2143 1117 2208 Excelois
1133 2144 1290 2228 colligetis

87 2254 125 2318 de
153 2257 241 2318 sorte
263 2257 368 2317 nostro
391 2257 526 2317 statuere
547 2249 716 2334 placuerit,
742 2249 812 2314 dum
827 2250 913 2316 Pacis
935 2271 1003 2315 cum
1024 2251 1120 2317 Gellia
1142 2259 1290 2319 tractatus

87 2361 310 2446 reassumpturi
337 2367 416 2426 sunt.
459 2359 505 2423 De
533 2357 698 2440 indigentia
722 2358 754 2422 P.
777 2358 815 2421 D.
840 2359 876 2423 V.
904 2359 942 2422 ad
964 2360 1122 2424 Dominum
1145 2362 1290 2426 Comitem

86 2471 246 2553 Percsenp
270 2467 314 2555 (si
337 2465 502 2554 placuerit)
530 2466 647 2532 litteras
675 2465 751 2530 dabo
758 2487 767 2540 ;
792 2467 872 2530 torte
894 2467 933 2532 de
949 2467 1072 2532 cambio
1096 2489 1151 2534 suo
1179 2470 1291 2555 aliquid

87 2576 250 2662 deputabit
264 2597 281 2639 s
297 2575 500 2642 Serenissimo
515 2574 698 2638 refusionem
722 2579 944 2659 expectaturus.
976 2575 1071 2641 Miror
1090 2598 1173 2642 meos
1190 2579 1229 2642 de
1245 2579 1291 2644 8'·

87 2687 178 2768 bujus
202 2683 334 2749 nondum
355 2683 392 2748 od
416 2683 448 2747 P.
471 2683 508 2746 D.
527 2682 563 2746 V.
585 2682 779 2766 peruenisse,
803 2702 871 2747 cum
893 2703 962 2749 suas
987 2683 1036 2749 die
1063 2687 1115 2750 tt.
1132 2686 1291 2770 expediret

87 2795 239 2862 erasnm
254 2798 355 2858 umen
371 2792 432 2856 rite
446 2789 571 2856 molitas
583 2809 758 2874 supponens
771 2791 809 2854 ad
821 2791 943 2856 eusdem
955 2794 1074 2878 appello
1087 2798 1119 2858 et
1130 2811 1199 2858 cum
1209 2795 1290 2858 omni

88 2923 147 2989 qua
163 2923 221 2990 per
237 2908 285 2966 est
299 2901 491 2985 gratitudinis
506 2899 725 2982 significatione
740 2919 903 2983 permaneo

210 3027 354 3111 Ejusdem
369 3025 552 3091 Perillustris
570 3043 605 3090 ec
621 3024 798 3090 Generosee
813 3025 1029 3090 Dominationis
1042 3026 1169 3092 Vestrae

810 3151 1067 3218 obstrictissimus
1083 3155 1198 3221 Seruus

124 3279 290 3354 (Originol.)
875 3280 911 3344 D.
930 3281 965 3344 H.
982 3283 1016 3346 B.
1034 3302 1073 3345 m.
1091 3302 1121 3365 p.

658 3443 712 3506 te.

149 3589 367 3657 Schreiben
393 3589 459 3653 des
483 3587 583 3652 bord
607 3585 903 3669 Peterborougb
927 3607 972 3650 an
994 3588 1093 3652 Lord
1117 3587 1225 3674 Reby.

109 3717 222 3784 blilord
245 3715 461 3800 Peterburgius
478 3715 611 3781 Wienna
632 3712 669 3776 ad
686 3711 795 3776 Milord
817 3711 902 3798 Reby
923 3712 977 3777 28.
1000 3711 1146 3779 Februer.
1166 3715 1263 3779 1711.

178 3883 245 3946 lluc
257 3879 419 3945 adveniens
431 3879 467 3942 ll.
480 3877 515 3943 V.
529 3878 687 3962 epistolam
702 3881 790 3942 recte
806 3877 922 3959 accepi,
938 3877 994 3940 sed
1010 3895 1046 3942 ea
1062 3897 1138 3961 quae
1154 3878 1286 3944 cleribus

89 3993 202 4076 scripte
219 3993 307 4054 erant
322 3989 359 4052 ob
376 3988 528 4052 deiectum
545 4007 648 4052 eorum
664 3987 770 4068 legere
787 4005 846 4049 non
858 3985 957 4069 potui;
970 3984 1030 4048 vidi
1043 3986 1121 4069 qvod
1134 3988 1287 4070 negotium

89 4101 233 4185 principis
256 4096 397 4163 ilalrocxii
418 4101 619 4167 concernunt,
647 4096 733 4177 cujus
754 4093 876 4174 negotis
900 4113 917 4157 a
938 4095 1103 4175 praeterito
1125 4096 1174 4161 bic
1196 4097 1286 4159 mini·

89 4210 182 4274 sterio
204 4207 292 4271 nimis
316 4205 456 4288 neglecta
479 4224 549 4268 esse
566 4202 703 4287 reperio,
720 4200 811 4266 etuti
827 4221 864 4264 ex
881 4199 1067 4265 discursibus
1083 4222 1151 4266 cum
1167 4203 1285 4269 domino

91 4315 230 4380 liruinimr
250 4312 360 4378 babilis
378 4311 517 4396 judicare
540 4313 626 4386 licet,
651 4310 770 4378 videtur
791 4308 863 4372 mibi
885 4307 972 4372 nimis
991 4311 1149 4375 austriacis
1165 4311 1284 4377 deditus

91 4441 167 4489 csse.
200 4423 292 4488 Cordi
313 4421 385 4486 mibi
406 4441 481 4485 sone
503 4421 658 4504 negotium
674 4419 877 4500 Huugerioum
893 4423 956 4489 est,
971 4438 1027 4502 pro
1044 4438 1101 4502 qvo
1118 4420 1284 4484 omnimode

90 4531 239 4606 laborabo,
256 4536 290 4596 et
303 4529 373 4615 qvid
384 4533 483 4596 ectum
493 4529 586 4594 luerit
596 4528 727 4592 fideliter
738 4524 907 4590 notificabo.
929 4525 968 4591 le
979 4526 1105 4610 crsigne
1116 4528 1286 4594 seulement
