3117 5084
289 317 340 388 86

288 492 335 558 vel
352 492 477 556 maxime
493 491 561 556 ideo
585 493 672 578 qood,
690 493 723 558 S.
741 489 828 576 Majffl
852 501 885 558 ct
906 493 1033 558 aliorum
1047 489 1293 575 possessionibus
1315 490 1385 552 sine
1409 506 1488 550 mora

288 600 470 664 assurexerit
486 604 517 664 et
532 620 633 665 reram
649 621 732 666 suam
748 600 959 666 confidentiam
974 601 1006 664 in
1020 598 1121 682 mar·
1143 619 1227 663 suam
1242 603 1356 663 testata
1370 598 1423 661 sit

378 707 424 772 nd
440 702 514 774 2⁶¹¹·-
538 708 675 791 Qramvis
696 716 840 793 punctum
856 710 915 774 hoc
930 727 1073 794 perquam
1090 706 1251 771 delicatum
1265 707 1317 778 sit,
1338 705 1490 770 nihilomi-

288 835 343 880 nus
352 819 462 879 tamem
469 816 569 900 ttiajmn
579 837 664 884 suam
673 837 733 882 non
744 820 840 882 solum
853 817 1064 882 comministro
1076 814 1330 880 Muscositicohic
1338 815 1490 878 existente

288 927 413 988 eatenus
434 924 615 999 locuturam,
639 925 694 990 sed
717 932 749 992 et
772 927 910 1011 protinus
926 926 964 988 ad
979 925 1148 990 ministrum
1162 943 1249 988 suum
1263 922 1345 1008 apud
1362 922 1490 986 eurum

288 1030 465 1096 existentem
496 1034 710 1118 rescripturam
740 1038 774 1099 ut
806 1034 949 1100 Caaream
979 1033 1081 1118 Mai*
1113 1053 1169 1118 pro
1201 1033 1235 1097 S.
1262 1031 1300 1096 V.
1332 1031 1490 1096 ferventer

288 1139 408 1204 animet.

375 1245 421 1312 nd
438 1247 497 1312 3¹¹¹·
511 1254 542 1314 et
557 1247 617 1314 4²¹³·
640 1251 741 1334 Aequa
758 1254 790 1315 ct
801 1249 883 1332 justa
898 1250 932 1315 S.
949 1248 983 1313 V.
1001 1255 1109 1334 petere
1130 1252 1163 1312 et
1182 1252 1294 1332 puncta
1309 1246 1435 1318 ultima,
1457 1254 1489 1310 nt

288 1375 391 1420 corum
406 1355 499 1421 verbo
515 1361 592 1429 utam
608 1357 820 1422 raisonnabilia
835 1377 916 1430 esse,
931 1357 973 1421 ita
988 1361 1023 1421 ot
1032 1356 1104 1440 jure
1119 1357 1237 1440 sperari
1249 1353 1361 1418 debeat
1373 1354 1490 1418 Caesa-

287 1482 351 1527 rem
373 1465 405 1526 in
427 1484 462 1528 ea
485 1484 699 1530 consensurum
721 1473 752 1530 et
772 1463 988 1532 accedentibus
1010 1461 1098 1548 Major.
1119 1484 1192 1530 suae
1213 1463 1293 1548 apud
1313 1463 1437 1527 aiiiatos
1457 1471 1490 1525 et
1552 1514 1553 1521 ,

287 1571 445 1636 Caesarem
476 1572 513 1636 ad
544 1575 785 1639 reassumendam
812 1572 1022 1638 mediationem
1050 1570 1225 1636 efficacibus
1248 1570 1357 1636 officiis
1379 1589 1490 1655 pacem

287 1680 510 1752 conclusuram,
535 1681 571 1746 ad
594 1682 671 1766 qvod
695 1681 918 1767 exopcraudum
939 1680 1102 1745 secuudum
1119 1679 1223 1763 puncti
1238 1680 1335 1767 quarti
1358 1681 1488 1763 petitum
1553 1694 1554 1757 t

287 1785 429 1869 Maiestas
444 1807 497 1852 sua
513 1808 569 1872 per
585 1790 738 1855 ministros
754 1811 825 1856 suos
840 1789 1010 1855 omnimode
1025 1788 1192 1854 conabitur.
1553 1798 1554 1811 ¹

377 1895 517 1980 Quintum
534 1903 675 1981 punctum
688 1897 766 1982 qvod
782 1899 889 1964 attinet
904 1919 958 1962 sun
973 1897 1064 1982 Major.
1080 1898 1114 1962 S.
1129 1897 1165 1963 V.
1182 1897 1304 1967 sradet,
1328 1895 1403 1961 iliud
1420 1896 1489 1959 cri-

287 2003 407 2068 tandum
430 2024 500 2070 esso
524 2005 659 2089 qramdiu
680 2026 751 2090 spes
768 2006 865 2071 adhuc
881 2007 978 2090 aliqva
1000 2006 1038 2070 ad
1053 2004 1265 2091 paciscendam
1287 2024 1345 2088 per
1366 2004 1488 2067 aliiatos
1553 2002 1554 2007 ’

287 2112 465 2194 tiongariam
481 2113 621 2196 supersit.
645 2113 763 2178 Interea
778 2114 859 2179 scire
876 2113 976 2198 Maj¹‘'¹'
989 2134 1072 2179 suam
1087 2113 1178 2177 duras
1194 2113 1386 2177 necessitatis
1397 2113 1488 2193 leges

287 2239 362 2304 qnae
389 2219 427 2284 ad
447 2222 611 2286 Turcarum
632 2222 771 2287 auxilium
792 2222 987 2294 recurrendi,
1019 2221 1071 2286 ubi
1095 2221 1207 2287 Caesar
1234 2240 1382 2304 arrogans
1413 2241 1488 2284 csse

286 2329 513 2401 continuaverit,
530 2330 563 2393 S.
581 2330 615 2395 V.
633 2349 734 2394 ansam
751 2329 824 2394 dare
839 2335 991 2415 poterunt.

375 2435 420 2500 Ad
436 2437 504 2500 6²³·-
525 2437 644 2502 Nullum
659 2437 756 2502 habeo
773 2458 962 2522 responsum.
986 2439 1149 2502 Praesumo
1165 2438 1268 2520 igitur,
1280 2436 1379 2500 auiam
1394 2435 1485 2518 buja-

285 2550 347 2609 tcm
362 2545 496 2628 Augusto
512 2546 560 2609 rei
575 2545 701 2610 maxime
718 2546 840 2610 Caesari
862 2545 980 2610 addicto
997 2545 1137 2612 diffidere
1154 2552 1186 2610 et
1200 2545 1232 2608 in
1247 2545 1382 2609 taronem
1397 2545 1433 2608 S.
1445 2544 1481 2608 ἵ.

286 2651 327 2716 ihi
350 2652 421 2716 nihii
443 2671 535 2734 agere
556 2653 650 2726 velle,
676 2653 841 2719 adinveniri
861 2660 962 2719 tamen
983 2659 1109 2738 possunt
1130 2653 1228 2718 media
1250 2671 1308 2736 per
1330 2651 1483 2716 dominum

286 2758 380 2822 Cruss
404 2759 455 2844 qui
472 2759 650 2826 Warsauiae
673 2767 721 2827 est
742 2767 774 2828 ct
789 2763 924 2846 angusto
948 2782 1008 2828 non
1027 2763 1163 2848 ingratos
1187 2761 1264 2826 haec
1284 2759 1386 2824 eidem
1408 2780 1483 2844 pro·

285 2866 426 2950 ponendi.

374 2975 441 3040 Non
457 2975 565 3041 fefellit
579 2996 653 3060 ergo
670 2997 718 3042 me
733 2998 821 3062 spes,
845 2981 974 3044 Senem·
994 2979 1153 3063 princeps,
1170 2996 1257 3062 qnam
1272 2976 1311 3040 de
1327 2995 1482 3061 propensa
1533 3055 1536 3061 Ι

286 3083 367 3166 rogis
383 3083 534 3150 uoluntate
550 3085 597 3149 his
609 3085 843 3152 resolutionibus
853 3087 927 3150 satis
945 3086 1096 3151 declarata
1113 3106 1169 3170 pro
1180 3087 1261 3150 Ser·
1278 3091 1381 3151 restra
1399 3105 1481 3148 sem-

285 3211 341 3274 per
360 3190 460 3256 habui.
495 3191 664 3276 Optandum
687 3194 782 3268 foret,
805 3198 838 3258 ut
860 3196 945 3259 auiae
966 3195 1036 3259 huic
1051 3195 1119 3259 talis
1135 3195 1254 3259 occasio
1270 3195 1484 3278 porrigeretur

286 3298 400 3382 qualem
415 3299 551 3364 Hottnndi
572 3305 604 3366 et
618 3302 707 3384 Angli
728 3301 842 3367 hahere
865 3311 991 3390 possunt
1012 3303 1050 3369 ad
1069 3303 1302 3388 permovendum
1318 3301 1481 3366 Caesarem

285 3405 315 3478 in
331 3406 728 3492 paciscendamHongariam
742 3417 829 3476 certe
845 3413 972 3496 piurima
986 3412 1173 3498 expectanda
1188 3413 1298 3476 forent.
1316 3409 1392 3492 Qria
1407 3431 1481 3476 rero

285 3513 361 3578 hacc
375 3514 519 3579 moderna
534 3536 634 3580 rerum
650 3519 734 3582 aulae
749 3519 838 3603 hujus
854 3521 948 3586 iacies
960 3541 1021 3586 non
1032 3521 1188 3605 permittit,
1201 3518 1420 3603 expectandum
1432 3523 1481 3581 est

287 3621 355 3706 qvid
375 3622 562 3706 interpositio
578 3627 662 3710 regis
678 3626 756 3712 apud
777 3628 893 3695 alliatos
916 3636 948 3693 et
967 3629 1103 3714 inprimis
1120 3628 1245 3692 Gnarum
1264 3627 1413 3691 effectura
1429 3628 1478 3690 sit

284 3730 446 3796 Persuasus
462 3752 534 3797 sane
550 3753 625 3808 sum,
641 3754 746 3818 regem
763 3737 802 3801 ob
818 3738 924 3801 multas
936 3737 1069 3802 rationes
1082 3756 1149 3801 cum
1161 3736 1256 3800 Craro
1269 3735 1479 3816 colligationes

285 3838 404 3903 strictas
421 3859 566 3924 quaerere
582 3843 669 3908 immo
686 3849 718 3908 et
734 3845 835 3908 forsan
850 3845 1052 3919 conclusisse,
1074 3850 1107 3908 ut
1123 3844 1261 3907 nimirum
1276 3843 1479 3908 confoedera-

285 3949 346 4009 tum
361 3945 470 4012 haheat
486 3968 553 4013 cum
569 3970 625 4034 qro
642 3950 838 4016 formidabitis
854 3972 923 4016 esse
935 3952 1041 4036 possit,
1053 3957 1209 4037 postqram
1221 3952 1305 4035 regis
1316 3951 1478 4014 Borussiae

284 4073 375 4137 opera
391 4055 503 4119 nemini
518 4059 688 4124 necessaria
705 4059 804 4123 sutura
826 4063 890 4130 cst,
912 4059 938 4123 si
954 4060 1067 4124 Caesar
1081 4061 1129 4124 uei
1145 4059 1204 4123 aiiii
1221 4060 1374 4143 principes
1396 4058 1478 4124 linita

285 4181 359 4246 pace
375 4165 513 4244 genemli
527 4186 632 4250 regem
643 4167 722 4230 hunc
738 4166 866 4250 aggredi
882 4168 994 4232 velient
1014 4167 1052 4232 ob
1067 4169 1175 4232 multas
1192 4187 1298 4232 causas
1315 4187 1393 4250 quac
1410 4187 1477 4230 eurn

285 4269 361 4353 apud
382 4273 483 4355 piures
507 4275 653 4356 potentias
675 4275 810 4358 inprimis
833 4276 1025 4348 cusiriacum,
1049 4277 1097 4340 cui
1121 4277 1151 4339 in
1173 4275 1308 4339 omnibns
1324 4274 1477 4359 intrepide

285 4397 405 4466 semper
417 4381 604 4452 contradixit,
621 4382 745 4446 inrisum
757 4382 969 4458 reddiderunt;
986 4383 1152 4448 accedente
1164 4384 1256 4466 igitur
1267 4383 1351 4466 regis
1362 4385 1477 4447 Borus-

285 4486 347 4550 sine
370 4489 448 4572 apud
469 4489 595 4554 Cunrum
617 4491 846 4576 interpositione
867 4493 1051 4559 credendum
1075 4496 1137 4564 est,
1162 4511 1247 4565 eom,
1269 4491 1295 4555 si
1316 4511 1372 4575 pro
1389 4492 1423 4556 S.
1442 4491 1476 4556 i'.
