3117 5084
1209 350 1260 421 87

55 527 199 588 sinceras
221 524 315 590 babet
336 527 537 600 intentiones,
561 526 696 590 omnibus
718 524 814 589 modis
837 527 870 590 in
891 545 927 590 eo
949 527 1099 597 loturum,
1123 530 1155 589 ut
1174 523 1207 588 S.
1226 524 1262 588 V.

54 632 199 699 satisfiat.
230 635 392 699 Allinnciae
417 655 492 720 qvae
516 653 584 698 cum
606 633 701 698 Czaro
725 635 758 700 S.
775 634 811 698 V.
834 634 996 698 intercedit
1017 634 1134 717 copiam
1158 631 1262 698 videre

56 743 178 808 vellent
201 744 287 807 aulae
313 743 401 826 hujus
425 743 568 816 ministri,
592 742 693 806 forsan
719 748 752 806 ut
774 763 810 806 eo
833 741 938 807 lortius
962 741 1088 806 Gnarum
1112 741 1263 824 adurgens

55 855 190 934 possent
205 851 243 914 ad
258 851 438 935 praestanda
453 849 589 914 efficacia
612 856 643 914 et
664 850 737 915 boni
759 851 851 914 alliati
875 848 983 914 officia.
1016 851 1049 915 S.
1066 849 1102 914 V.
1118 848 1263 914 voluntati

56 959 227 1022 humillime
243 960 395 1043 relinquo,
419 965 517 1024 utrum
538 957 622 1042 paria
639 958 774 1039 ejusdem
790 958 990 1041 colligationis
1006 956 1158 1043 hujatibus
1174 957 1264 1019 mini-

56 1067 130 1130 stris
149 1067 395 1132 oommunioanda
412 1067 482 1131 mibi
498 1067 704 1132 transmittere
720 1065 925 1131 necessarium
941 1085 1010 1130 esse
1026 1065 1153 1130 duxerit.
1185 1063 1263 1128 Cae·

57 1181 159 1239 terum
177 1196 238 1240 non
253 1194 376 1260 possum
392 1197 452 1239 nou
469 1177 538 1259 quin
551 1175 584 1238 S.
594 1176 631 1241 V.
648 1175 812 1239 humillime
823 1173 1026 1257 significarem
1038 1193 1086 1237 me
1102 1173 1140 1237 ab
1157 1172 1264 1236 eedem

56 1290 186 1366 praeter
208 1303 260 1347 eas
294 1303 311 1345 a
335 1283 389 1348 28.
412 1284 486 1346 Dec.
519 1283 606 1348 troo
629 1284 725 1346 nullas
752 1283 872 1348 vidisse.
918 1283 1058 1366 Magnum
1092 1286 1178 1346 certe
1209 1299 1264 1364 pro

60 1390 321 1472 negotiationibus
343 1390 494 1474 bujntibus
517 1390 744 1464 detrimentum
769 1413 829 1456 non
851 1390 1036 1456 erubescunt
1058 1390 1138 1454 enim
1154 1388 1265 1454 Wien-

60 1519 174 1562 nenses
192 1498 329 1563 novellae
345 1498 560 1582 propemodum
575 1499 747 1563 innumeras
762 1499 882 1563 reterre
897 1499 1039 1564 victorias
1055 1517 1127 1583 qaas
1143 1517 1160 1562 a
1177 1501 1263 1581 parte

61 1608 196 1670 caesaris
224 1606 333 1670 talibus
359 1625 425 1670 oum
453 1606 684 1672 circumstantiis
707 1608 830 1672 stetisse
854 1607 1004 1672 affirmant
1024 1611 1057 1671 nt
1078 1608 1162 1671 clare
1189 1606 1262 1670 sotis

60 1715 226 1798 indigitare
242 1714 398 1778 rideantur
421 1735 473 1779 res
489 1719 607 1780 nostrus
624 1715 800 1800 desperatas
822 1733 908 1787 esse,
930 1714 1009 1799 qvod
1030 1716 1121 1779 etiam
1145 1715 1265 1798 plurimi

62 1823 139 1886 inter
156 1841 284 1906 magnos
300 1821 437 1895 credunt,
455 1828 487 1887 et
498 1823 535 1888 ad
548 1824 792 1908 cooperationem
804 1823 1056 1888 restituendarum
1068 1842 1168 1887 rerum
1179 1824 1264 1886 Hun-

63 1931 234 2011 garicarum
251 1931 383 2014 languidi
398 1930 485 1996 reddi
500 1937 640 2016 possunt,
662 1932 844 2015 praesertim
865 1931 946 2004 ideo,
969 1930 1048 2016 qvod
1078 1930 1264 2012 ss-hominum

63 2059 98 2100 ox
119 2041 275 2122 Hungaria
296 2038 332 2102 ad
356 2031 492 2103 Rhenum
520 2038 663 2124 expedire
689 2039 880 2104 constituerit
900 2039 1081 2122 imperator,
1105 2035 1183 2121 qvod
1206 2055 1264 2119 ego

63 2147 182 2231 qridem
200 2167 268 2210 eum
284 2147 371 2212 facilc
388 2153 543 2231 praestare
559 2167 649 2232 posse
666 2146 798 2219 asserui,
820 2146 898 2231 qvod
914 2147 1057 2231 princeps
1073 2144 1264 2209 bubomirslri

60 2261 104 2320 tot
120 2257 226 2340 copias
243 2275 309 2319 oum
325 2256 525 2340 imperatoriis
542 2255 730 2337 conjunxerit
748 2259 820 2338 quot
832 2272 939 2318 caesar
949 2254 987 2317 nd
998 2254 1133 2319 Rhenum
1144 2254 1265 2317 mittere

65 2363 212 2430 decrerit.
235 2364 480 2448 Praeconceptae
492 2369 554 2428 tum
567 2363 723 2448 opiniones
736 2363 899 2428 difficulter
910 2363 1056 2427 tolluntur
1066 2360 1145 2446 qvod
1157 2361 1264 2426 exinde

60 2471 153 2536 rideri
176 2476 279 2557 potest
299 2473 346 2538 rel
368 2472 493 2536 maxime
515 2472 586 2536 licet
610 2473 688 2536 enim
716 2490 821 2536 omnes
842 2471 892 2534 bic
913 2474 1092 2536 assecurent
1113 2469 1264 2534 dominum

64 2580 237 2646 llesalleurs
253 2582 412 2646 actualiter
426 2579 457 2643 in
473 2580 624 2663 llungnria
640 2599 735 2664 penes
753 2580 786 2644 S.
804 2580 839 2645 V.
858 2580 1007 2650 existere,
1024 2578 1150 2643 tirmiter
1164 2585 1266 2643 tamm

65 2688 210 2765 credunt,
239 2689 366 2754 eundem
394 2689 684 2774 Constantinopolim
715 2687 835 2753 abiisse.
877 2686 1004 2753 Accedit
1034 2693 1067 2752 et
1096 2688 1155 2751 boc
1187 2685 1296 2771 qvod(

66 2797 189 2860 maxime
207 2797 346 2871 arduum,
368 2797 520 2880 generalis
536 2797 748 2862 bloscoriticus
765 2796 947 2880 Hnngariam
969 2796 1126 2879 ingressus
1142 2815 1160 2859 a
1176 2795 1209 2859 S.
1226 2794 1262 2860 V.

67 2904 324 2969 utlliovszhianos
341 2905 438 2970 eidem
454 2905 562 2970 reddat
577 2911 684 2990 petere
702 2904 823 2977 dieitur,
839 2909 985 2969 attentum
997 2904 1056 2968 hoc
1067 2905 1115 2970 rel
1128 2903 1265 2987 inprimis

67 3010 130 3076 ideo
151 3013 184 3076 in
207 3013 431 3077 admirationem
451 3013 543 3078 trabit
565 3033 668 3078 omnes
692 3012 771 3098 qvod
787 3013 820 3078 S.
836 3013 873 3078 V.
890 3031 959 3076 eum
981 3012 1077 3077 Cosso
1094 3011 1265 3093 colligatam

69 3118 202 3193 dixerim,
219 3122 267 3206 qni
284 3122 413 3206 qvamvis
429 3121 533 3185 hostes
549 3123 615 3205 ejus
633 3121 665 3186 S.
679 3121 715 3185 V.
737 3120 908 3205 susceperit
922 3119 1045 3184 eosdem
1067 3120 1100 3183 S.
1117 3118 1153 3182 V.
1169 3119 1265 3182 relin-

70 3247 156 3310 qrere
180 3228 324 3300 deberet,
349 3228 427 3313 qvod
451 3229 614 3294 eorundem
644 3247 768 3312 operam
789 3229 822 3294 S.
838 3229 874 3293 V.
897 3227 1076 3312 proficuam,
1098 3227 1167 3290 illos
1190 3246 1264 3289 vero

69 3333 158 3400 linaro
176 3336 249 3399 nihil
267 3355 379 3400 nocere
403 3355 494 3420 posse
516 3343 600 3402 certo
617 3337 694 3402 sciat
710 3357 745 3401 ac
760 3356 819 3422 per
834 3335 864 3400 id
880 3341 966 3400 certo
983 3335 1109 3420 qrodam
1124 3334 1211 3397 modo
1230 3353 1264 3396 se

70 3445 204 3508 auxilium
220 3443 253 3507 S.
270 3444 305 3509 V.
324 3444 444 3508 dedisse
461 3444 574 3509 Czarus
592 3444 694 3509 dicere
716 3449 823 3528 posset
846 3443 923 3528 qnod
945 3450 1050 3527 aperte
1071 3443 1174 3508 facere
1196 3462 1264 3507 cum

71 3553 158 3635 copiis
175 3551 238 3616 suis
255 3550 293 3614 de
308 3557 446 3636 tempore
463 3573 523 3617 non
539 3553 763 3618 existimaverit.
796 3553 878 3616 llaec
894 3552 1002 3625 omnia,
1018 3558 1051 3617 ut
1067 3553 1125 3616 alie
1140 3556 1264 3635 praete·

70 3677 156 3732 ream,
175 3679 315 3743 magnum
332 3661 449 3724 obicem
466 3661 661 3744 negotiationi
678 3681 793 3744 ponere
809 3665 935 3744 possunt
950 3665 982 3725 et
993 3661 1140 3746 siqnidem
1151 3660 1264 3725 Corre-

72 3769 244 3850 spondentia
260 3789 316 3853 per
333 3769 471 3832 Silesiam
487 3768 730 3854 impracticabilis
747 3788 816 3832 esse
839 3769 945 3852 incipit
968 3788 1005 3833 eo
1022 3769 1100 3854 qvod
1116 3769 1154 3833 ob
1171 3787 1264 3832 occu·

74 3881 165 3956 patum
189 3877 367 3961 Scepusium
388 3877 447 3940 huc
471 3877 508 3941 ad
525 3877 557 3941 S.
575 3877 611 3941 V.
628 3883 792 3961 penetrare
813 3896 873 3941 non
888 3883 1028 3960 possunt,
1052 3877 1146 3960 igitur
1166 3874 1265 3939 eidem

74 3981 229 4048 humillime
245 3985 410 4058 suaderem,
427 3990 459 4048 ut
478 3984 665 4048 blunlratsino
687 4004 743 4068 per
758 3985 945 4049 larislaviam
961 3985 1147 4050 Warsaviam
1168 4002 1264 4066 usque

76 4090 197 4158 Cosaeos
213 4095 307 4156 locari
330 4099 432 4162 curet,
455 4095 504 4177 qvi
527 4093 628 4157 literas
650 4093 720 4156 binc
743 4097 775 4156 et
790 4093 851 4156 illic
867 4091 986 4156 assidue
1003 4099 1125 4176 portare
1140 4095 1265 4175 possent

77 4198 270 4272 Warsariam,
293 4221 361 4264 nam
384 4201 454 4264 binc
471 4202 549 4265 intra
567 4201 609 4264 10
626 4201 690 4264 dies
707 4200 900 4264 securissime
916 4199 1044 4272 abeunt,
1065 4199 1160 4263 ethic
1176 4199 1210 4262 S.
1228 4198 1262 4262 V.

77 4326 106 4370 ea
126 4329 202 4393 qvae
223 4309 294 4372 hinc
316 4308 396 4372 scire
419 4313 538 4392 oportet
560 4309 728 4372 cellemime
750 4308 958 4379 innotescere,
982 4308 1041 4371 allii
1062 4325 1135 4372 vero
1157 4312 1190 4370 et
1205 4323 1263 4387 ego

77 4415 168 4482 itidem
185 4418 224 4481 de
241 4416 377 4480 omnibus
392 4419 545 4500 promptas
562 4417 703 4501 accipere
719 4436 877 4501 possemus
893 4415 1118 4480 informationes
1135 4421 1194 4480 etc.
