3117 5084
1214 287 1260 360 21

66 460 254 543 llungariae
271 460 546 525 etlbanssdunniae
563 466 659 525 castra
676 482 729 526 sun
745 463 892 536 erexerit,
909 463 1068 528 Caesarem
1082 463 1218 549 perinde,
1234 470 1268 530 ut

66 568 105 631 in
119 568 255 633 Saxonis
268 569 401 651 contigit,
415 589 451 633 eo
467 569 553 633 citius
571 568 716 635 adomnia
732 571 813 635 flecti
828 591 928 657 posse.
952 571 1018 636 lam
1035 571 1163 636 abeunte
1179 577 1266 657 posta

67 676 245 743 adveniunt
255 678 360 742 literae
373 678 408 741 ad
420 677 458 744 D.
467 677 621 743 iablonski
632 698 687 762 pro
700 698 774 763 rege
786 678 895 753 Donie;
908 678 959 743 ille
972 681 1190 746 nuchenetiis
1203 685 1265 756 est;

66 786 134 852 sed
150 787 191 852 dc
207 787 254 852 bis
271 786 391 852 uberius
405 787 536 870 proxima
551 792 648 871 posta.

658 934 688 997 6.

320 1051 480 1116 Bericbt
505 1051 713 1117 desselben
736 1072 780 1117 an
802 1050 1025 1116 denselben.

456 1162 612 1233 berolino,
630 1162 660 1225 2.
677 1161 767 1227 Febr.
788 1159 884 1225 1709.

167 1288 196 1353 Α
223 1288 291 1353 Ser.
319 1286 433 1353 11Μά
460 1306 563 1369 regem
589 1288 685 1353 Danie
716 1287 859 1353 exmissas
890 1287 992 1352 literas
1024 1285 1112 1352 hodie
1143 1288 1263 1371 legatus

69 1397 314 1463 RollandicusB.
327 1396 363 1460 de
375 1397 492 1461 Lintelo
504 1395 704 1481 Hamburgum
716 1397 879 1463 transmisit
890 1397 928 1461 ad
940 1396 1130 1463 Residentem
1141 1398 1263 1462 Hellan-

68 1504 176 1569 dicum
200 1526 256 1590 pro
278 1506 418 1571 citissima
442 1506 629 1591 expeditione
652 1505 688 1569 ad
711 1526 816 1589 regem
838 1527 917 1570 nunc
940 1507 971 1569 in
990 1506 1071 1570 ltalia
1086 1526 1184 1571 moras
1199 1512 1263 1571 tra·

67 1614 211 1679 hentem.
253 1614 325 1698 Quia
352 1634 423 1681 vero
447 1615 553 1679 merito
575 1614 766 1679 metuendum
787 1621 835 1680 est
857 1635 962 1699 regem
983 1616 1097 1679 Daniae
1127 1616 1262 1699 protinus

68 1724 142 1787 buic
158 1724 257 1809 petito
272 1746 332 1788 non
348 1728 598 1795 assurrectnmm,
622 1724 776 1788 consilium
793 1728 916 1788 eatenus
931 1725 1077 1789 antelatus
1091 1724 1129 1787 de
1144 1725 1262 1789 bintelo

70 1833 291 1905 subministrat,
307 1853 362 1917 per
378 1832 452 1916 qvod
468 1830 596 1895 medium
612 1832 776 1896 adinveniri
793 1836 880 1915 qreat
895 1830 933 1894 ad
946 1831 1144 1896 inducendrmr
1157 1852 1261 1917 regem

73 1944 191 2007 [laniae
214 1944 246 2005 in
269 1940 469 2006 evocationem
493 1940 615 2005 militiae
636 1962 724 2012 suae,
747 1942 788 2005 ita
811 1945 843 2004 ut
857 1941 933 2003 baec
948 1938 1067 2005 eductio
1082 1962 1138 2026 pro
1154 1943 1260 2007 merito

79 2051 113 2115 S.
124 2052 159 2117 l'.
176 2071 251 2134 erga
268 2051 380 2115 alliatos
396 2049 527 2133 reputari
545 2049 653 2134 possit,
671 2048 709 2113 de
731 2069 787 2133 qvo
808 2050 845 2111 D.
861 2049 1018 2114 lablonski
1033 2050 1065 2113 in
1080 2051 1207 2115 acclusis
1223 2049 1260 2115 ad

78 2161 159 2225 Rom.
178 2160 217 2224 de
233 2159 314 2223 Reda
330 2180 363 2222 se
379 2159 498 2223 uberius
515 2159 653 2241 explieat.
675 2158 794 2223 Dicitur
805 2158 963 2221 Caesarem
979 2164 1087 2242 sponte
1102 2164 1259 2224 tractatum

74 2290 141 2335 curn
157 2272 239 2353 Papa
260 2268 435 2353 protrahere
451 2268 488 2330 ob
505 2268 646 2331 llibernia
663 2287 721 2350 que
743 2268 891 2331 exercitus
906 2289 978 2332 suus
996 2268 1105 2353 optima
1117 2269 1147 2331 in
1161 2270 1258 2333 Patri-

71 2380 172 2442 monio
195 2378 277 2443 Petri
299 2377 399 2442 babet.
437 2377 579 2461 Princeps
600 2376 752 2457 Eugenius
769 2376 920 2441 Wiennae
942 2381 1005 2447 est,
1030 2377 1164 2461 proximo
1187 2399 1258 2442 rere

70 2489 220 2551 exercitui
240 2488 271 2549 in
286 2486 388 2569 Belgio
406 2487 562 2571 Hispanico
583 2484 783 2569 praefuturus.
815 2486 880 2550 Dur
902 2486 939 2549 de
956 2485 1108 2551 Vendome
1131 2487 1258 2551 necdum

68 2602 232 2662 revocatus
253 2600 299 2659 cst
314 2600 436 2679 propter
450 2596 601 2658 infelicem
618 2593 815 2677 compagnias
831 2597 1013 2679 praeteritae
1034 2596 1153 2660 exitum.
1193 2599 1256 2661 Rex

66 2707 223 2789 Augustus
240 2726 276 2769 ex
288 2705 390 2786 Belgio
404 2705 502 2776 rediit,
515 2704 584 2767 illuc
599 2703 807 2768 moscoriticns
823 2703 900 2788 apud
915 2706 1011 2768 aulam
1025 2704 1111 2768 istam
1123 2706 1255 2788 Legatos

15 2810 16 2885 J
67 2814 105 2879 de
122 2815 196 2878 bitb
212 2834 246 2877 se
262 2814 428 2879 contulerat
444 2812 481 2877 ad
496 2811 732 2897 persuadendum
745 2813 858 2895 Regem
873 2817 906 2876 ut
920 2813 1059 2877 Polonias
1075 2814 1184 2885 intret,
1200 2814 1255 2877 scd

15 2938 17 3001 ς
66 2924 216 2989 Srecicus
228 2922 329 2987 itidem
340 2923 389 2986 bic
401 2923 519 2987 nuntius
531 2920 664 2985 Eundem
677 2927 797 2986 secutus
810 2924 922 3004 Regem
934 2922 970 2985 ab
984 2923 1039 2985 bac
1051 2921 1254 3005 propositione

15 3016 17 3065 l
67 3033 201 3097 alienum
216 3033 248 3095 in
263 3032 473 3097 intentionibus
490 3032 550 3097 suis
574 3030 763 3096 confirmarit.
796 3031 984 3095 Electoratus
1000 3031 1160 3095 Bohemiae
1175 3035 1209 3095 ut
1224 3036 1255 3096 et

15 3138 16 3143 ’
65 3144 304 3206 llannoveranus
316 3140 352 3205 ad
364 3161 466 3208 rocem
479 3131 676 3205 Ratisbonnae
693 3139 858 3204 solenniter
868 3140 1030 3206 introducti
1045 3145 1161 3205 suntet
1177 3139 1255 3224 qvod

15 3236 16 3239 ¹
66 3251 204 3334 priorem
220 3251 335 3322 attinet,
349 3251 454 3314 Comes
468 3249 505 3313 de
517 3247 620 3313 llinslri
632 3248 689 3313 hoc
701 3249 730 3311 in
743 3254 884 3333 respectu
901 3249 1122 3333 possessionem
1138 3248 1253 3321 sumsit,

15 3362 16 3367 ’
65 3358 210 3444 superior
222 3359 399 3423 Palatinatus
411 3359 543 3422 Electori
558 3359 689 3422 Palatino
706 3362 891 3442 protestante
905 3358 1020 3441 Legato
1037 3357 1162 3422 Srecico
1180 3377 1253 3421 con·

67 3489 184 3533 cessus.
198 3468 406 3551 bambergium
417 3468 585 3551 Principem
598 3468 798 3551 pronuntiarit
809 3466 920 3530 Caesar
931 3470 963 3530 et
973 3466 1045 3530 licet
1056 3466 1253 3549 megapolita·

66 3599 120 3641 nus
134 3578 196 3642 dux
209 3599 262 3642 sua
269 3578 338 3660 jura
349 3575 634 3659 inbandgrariatum
645 3574 879 3657 beuclrtenberg
892 3573 1047 3638 deduxerit
1059 3573 1156 3638 eidem
1164 3577 1252 3640 bam·

67 3685 176 3770 bergio
191 3706 257 3751 eum
266 3693 333 3750 voto
347 3686 522 3750 obsessione
537 3685 669 3748 contulit.
687 3685 801 3767 Regem
812 3683 924 3746 Daniae
937 3704 972 3747 ex
984 3684 1065 3747 ltalia
1077 3684 1253 3747 redeuntem

67 3795 216 3860 bresdam
226 3802 382 3861 venturum
394 3793 499 3866 fertur,
516 3794 700 3858 armistitium
711 3794 742 3857 in
754 3793 903 3874 Hungaria
920 3794 1091 3857 conclusum
1107 3798 1138 3857 et
1153 3792 1252 3876 publi·

69 3910 166 3969 catum
179 3905 382 3972 Wiennenses
398 3902 542 3969 scribunt.

648 4030 677 4092 7.

307 4150 467 4214 Rericbt
490 4147 700 4212 desselben
724 4168 767 4211 an
791 4146 1014 4211 denselben.

435 4258 584 4329 berolino,
602 4258 655 4321 23.
672 4256 761 4321 Febr.
781 4256 878 4319 laco.

160 4384 239 4467 Quas
255 4385 397 4450 hactenus
415 4384 452 4449 ad
467 4386 500 4449 S.
517 4384 551 4449 V.
570 4384 731 4449 secundum
748 4383 939 4447 humillimum
957 4382 1124 4464 obligamen
1147 4401 1251 4444 errara-

15 4558 17 4591 r
74 4512 171 4556 reram
191 4493 292 4559 literas
314 4514 365 4558 eas
387 4495 494 4578 partim
515 4514 570 4577 per
593 4494 668 4557 dorn.
684 4490 879 4563 Rutlmrszlri,
896 4490 1003 4574 partim
1020 4512 1075 4575 per
1089 4489 1251 4553 Palatinum

15 4722 22 4816 l
