3117 5084
284 321 360 393 172

280 520 373 583 super
394 497 543 564 ultimario
564 493 617 582 (t)
639 494 810 579 propositas
834 493 1022 558 conditiones
1045 494 1077 559 S.
1098 494 1134 561 V.
1157 494 1346 559 transmissas
1373 512 1477 579 pacem

279 608 462 673 concludere
490 606 681 690 debitamque
708 625 806 687 reguo
828 610 859 669 et
881 624 960 667 nunc
983 605 1108 691 aliquam
1131 605 1361 671 conuenientem
1387 604 1477 668 satis·

278 716 440 782 factionem
455 716 488 780 S.
502 715 537 780 V.
555 715 628 778 dare
644 715 752 786 uellet,
776 714 853 779 tales
876 714 1064 779 conditiones
1086 714 1191 778 cadem
1213 718 1373 799 acceptare
1390 719 1421 777 et
1439 713 1476 777 de

278 831 402 889 caetero
418 829 556 909 exparte
579 824 746 888 alliatorum
767 843 871 887 secum
893 827 925 887 et
940 830 1113 888 assecurata
1125 844 1194 888 esse
1209 829 1331 907 posset,
1354 821 1476 886 eosdem

278 933 315 997 ad
331 932 595 999 demonstrandum
612 937 751 1017 quantum
767 953 784 995 a
801 933 833 997 S.
848 932 882 997 V.
908 932 1046 997 obstricti
1065 932 1179 997 fuerint
1201 954 1256 1017 pro
1281 931 1388 996 eadem
1411 932 1476 995 sine

280 1044 434 1127 quarantia
448 1042 565 1107 turmali
581 1041 764 1124 signaverit,
785 1061 891 1125 pacem
907 1042 984 1107 banc
1000 1042 1211 1126 particularem
1227 1041 1364 1124 generali
1381 1041 1477 1105 inclu-

276 1173 364 1217 suros
386 1157 419 1216 et
433 1150 530 1214 media
546 1170 601 1235 pro
618 1151 806 1235 procurando
823 1150 922 1214 eidem
938 1151 1100 1215 sufficienti
1115 1152 1312 1236 aequivalenti
1332 1150 1477 1215 adiuuen-

278 1266 373 1332 turos,
389 1266 514 1345 praeut
530 1261 563 1325 S.
576 1259 613 1325 V.
630 1260 783 1325 notificem
799 1260 871 1323 milri
887 1261 1102 1325 communicata
1118 1267 1195 1327 sunt.
1222 1261 1383 1325 Caeterum
1400 1309 1408 1323 .
1427 1308 1435 1322 .
1454 1309 1462 1322 .

854 1493 908 1559 84.

516 1636 681 1701 Bericht
704 1635 915 1700 desselben
938 1656 982 1701 an
1006 1636 1230 1701 denselben.

643 1764 795 1836 berolino,
812 1764 866 1827 25.
884 1765 995 1849 Aprilis
1013 1764 1110 1831 lVll.

495 1912 534 1977 P.
550 1912 588 1977 P.

367 2024 427 2087 Per
442 2041 616 2106 expressum
632 2040 730 2085 meum
745 2021 848 2086 ultima
865 2021 963 2104 blartij
981 2022 1050 2089 hinc
1066 2022 1273 2087 discedentem
1286 2023 1319 2087 S.
1331 2022 1365 2087 V.
1383 2022 1477 2086 uber-

277 2132 354 2194 rime
370 2130 409 2194 de
425 2130 562 2195 omnibus
578 2129 609 2193 iu
622 2130 705 2193 illum
722 2128 802 2193 diem
817 2130 892 2194 actis
908 2131 1109 2214 punctualiter
1121 2132 1348 2195 informaveram
1361 2131 1477 2195 dictas·

278 2260 336 2325 qve
351 2240 468 2303 litteras
480 2237 536 2303 sub
549 2236 708 2322 duplicatis
719 2239 750 2301 in
762 2239 957 2324 sequentibus
970 2238 1076 2304 diebus
1089 2240 1320 2313 transmiseram,
1333 2244 1476 2304 currente

278 2354 385 2434 expost
406 2349 483 2412 fama
504 2349 600 2413 aulam
616 2348 834 2413 Wiennensem
858 2349 924 2413 sine
947 2352 1158 2415 concurrentia
1174 2350 1374 2434 potentiarum
1392 2350 1477 2413 allia-

277 2464 374 2522 tarurn
390 2477 496 2542 pacem
513 2476 580 2521 cum
596 2457 628 2521 S.
645 2457 678 2519 V.
695 2458 878 2521 concludere
895 2460 973 2522 velle
996 2461 1155 2524 occasione
1177 2460 1341 2524 litterarum
1364 2458 1476 2521 domini

276 2569 414 2632 Brenuer
425 2567 462 2630 ad
475 2568 561 2631 Dom.
574 2566 730 2631 Jablonslri
743 2567 878 2631 datarum
894 2568 931 2632 ad
939 2566 1046 2632 Milord
1059 2568 1288 2653 Peterborough
1303 2568 1475 2632 uberiorem

278 2678 395 2742 exarari
420 2676 575 2761 epistolam
600 2675 780 2740 includendo
806 2676 952 2741 dictarum
973 2700 990 2743 a
1007 2677 1124 2744 domino
1143 2680 1278 2742 Brenncr
1293 2678 1475 2761 scriptarum

277 2786 393 2871 copiam
417 2804 539 2869 (prorum
560 2787 689 2850 omnium
708 2791 841 2851 exactam
857 2787 1034 2861 relationem
1050 2788 1083 2851 S.
1100 2787 1135 2852 V.
1151 2788 1212 2869 jam
1228 2788 1361 2870 exposui.
1395 2787 1475 2850 Toto

277 2899 385 2979 expcst
407 2900 545 2978 tempore
568 2915 625 2959 nec
646 2895 677 2957 in
692 2895 800 2978 Anglia
823 2914 880 2959 nec
904 2896 1057 2959 Hollandia
1081 2916 1139 2959 nec
1156 2896 1306 2962 Wiennae
1324 2893 1475 2979 quidpiam

276 3005 438 3088 singularis
453 3008 552 3068 actum
567 3008 625 3069 est.
643 3003 905 3070 confirmationem
920 3006 1014 3069 solum
1030 3004 1176 3069 adventus
1189 3003 1223 3068 S.
1232 3004 1267 3069 V.
1280 3005 1312 3067 in
1323 3004 1477 3071 Poloniam

276 3134 293 3177 a
310 3112 428 3177 domino
444 3113 583 3175 brenner
598 3112 703 3197 accepi
718 3112 770 3176 ubi
786 3114 933 3177 rationem
949 3112 1046 3177 abitus
1064 3134 1101 3177 ex
1118 3113 1266 3196 ilungaria
1283 3113 1362 3177 illam
1379 3113 1475 3177 titisse

277 3222 366 3294 dicit,
391 3220 470 3307 qvod
491 3221 632 3286 austriaci
656 3221 725 3286 dum
741 3224 825 3306 pacis
842 3222 992 3286 desideria
1012 3223 1197 3287 mentiuntur
1212 3226 1244 3285 et
1259 3223 1303 3285 sic
1319 3222 1428 3285 alliatis
1445 3226 1478 3284 et

277 3332 310 3395 C.
323 3329 553 3413 Peterborougb
568 3329 696 3394 illudunt
711 3350 829 3394 omnem
846 3332 876 3394 in
892 3351 928 3394 eo
945 3331 1121 3396 collocarint
1136 3350 1268 3415 operam,
1285 3334 1317 3394 ut
1333 3330 1366 3394 S.
1383 3329 1421 3394 V.
1439 3351 1477 3393 er

276 3440 397 3504 Potonia
420 3441 570 3504 exclusam
590 3438 866 3522 deprehenderent.
900 3440 1121 3506 communicavi
1143 3438 1220 3503 haec
1242 3440 1327 3503 aulae
1346 3438 1418 3504 buic
1440 3460 1478 3504 ac

275 3550 361 3614 simul
369 3554 563 3634 percontatus
570 3570 646 3621 sum,
656 3550 841 3633 qualemnam
853 3551 884 3613 in
896 3568 1013 3615 omnem
1025 3568 1125 3614 casum
1137 3550 1343 3633 receptionem
1356 3550 1478 3616 ratione

275 3664 433 3744 respectus
449 3678 598 3742 personae
613 3659 787 3742 principalis
800 3664 832 3723 et
843 3660 1036 3724 securitatem
1047 3660 1165 3723 ratione
1176 3660 1394 3742 permansionis
1406 3678 1477 3723 curn

275 3769 412 3833 omnibus
428 3770 549 3833 exulare
565 3769 734 3834 volentibus
746 3770 777 3832 in
785 3770 927 3834 Borussia
938 3769 1076 3834 habitura
1089 3771 1129 3834 sit
1140 3770 1210 3835 SV.
1230 3767 1333 3851 Quoad
1345 3770 1476 3851 primunr

276 3881 451 3941 assecurant
466 3878 596 3941 futurum
611 3896 695 3941 more
710 3878 869 3963 principali
886 3884 917 3942 et
933 3878 1029 3962 quoad
1045 3877 1220 3949 secundum,
1237 3876 1377 3961 promissi
1393 3884 1477 3949 sunt.

275 3986 411 4051 mittendi
427 3986 547 4052 ordines
564 3986 601 4050 ad
617 3987 851 4070 gubernatorem
865 3988 1014 4060 Prussiac,
1027 3987 1134 4052 ducem
1148 3986 1307 4058 llobatiae,
1324 3990 1357 4050 ut
1369 4006 1477 4050 omnes

276 4096 306 4159 in
323 4116 438 4179 genere
460 4101 492 4159 et
515 4096 649 4178 singulos
672 4098 703 4159 in
724 4098 828 4181 specie
845 4097 1001 4180 Hungaros
1026 4098 1057 4160 in
1073 4097 1222 4161 Prussiam
1238 4114 1272 4159 se
1289 4096 1476 4180 recipientes

276 4206 441 4271 efficaciter
464 4212 496 4269 et
518 4224 606 4269 manu
627 4206 717 4270 etiam
738 4206 858 4270 militari
882 4212 1041 4291 protegat,
1068 4211 1101 4271 et
1122 4224 1201 4269 nunc
1223 4204 1358 4288 inprimis
1383 4206 1475 4269 etiam

276 4316 426 4380 dominum
448 4316 585 4379 Brenner
612 4317 660 4380 cui
688 4316 754 4380 sine
782 4316 872 4380 dubio
900 4316 938 4379 ab
962 4315 1069 4380 eodem
1090 4315 1122 4382 S.
1143 4315 1178 4380 V.
1203 4316 1392 4399 perscriptae
1418 4335 1476 4399 per

275 4426 414 4491 comitem
439 4424 696 4489 llerberstainium
723 4426 824 4490 uariae
854 4429 1009 4489 struuntur
1032 4423 1176 4495 insidiae,
1205 4442 1290 4507 qnam
1317 4442 1383 4487 rem
1408 4424 1474 4487 aula

275 4535 361 4601 ralde
382 4534 579 4618 displicenter
601 4535 669 4599 tulit
691 4556 727 4598 ac
751 4554 818 4597 eum
841 4554 961 4617 semper
977 4533 1109 4617 benigne
1125 4537 1321 4596 manutenere
1338 4534 1472 4597 resoluit.
