3117 5084
305 360 379 431 17¹.

295 539 544 605 satisfactionem.
582 545 692 609 Petere
713 566 779 617 me,
802 552 835 611 nt
857 546 890 610 S.
908 546 943 609 E.
969 547 1120 610 literarum
1143 566 1245 610 earnm
1268 567 1340 630 qvas
1358 546 1390 609 S.
1410 546 1446 610 V.
1464 546 1501 609 ad

299 649 384 711 Dom.
401 650 556 715 iablonski
573 674 677 717 mense
703 655 818 720 octobri
845 654 931 718 1708
952 656 1054 727 dedit,
1080 674 1155 739 qvae
1179 656 1216 718 de
1241 655 1502 718 demembratione

298 758 387 839 regni
401 759 571 842 ilungariae
588 769 690 846 agunt,
707 785 765 828 nec
782 784 842 827 non
859 766 1063 849 projectorum
1081 767 1218 849 sequenti
1234 784 1311 827 anno
1327 784 1344 827 a
1360 784 1408 826 me
1425 784 1502 847 pro-

299 868 465 949 positorum
488 875 550 934 tum
574 893 591 935 a
614 873 646 937 S.
666 873 700 936 E.
725 892 787 938 non
812 872 1090 957 impraeticabilinm
1115 874 1315 956 judicatorum
1343 871 1502 935 recordari

300 976 484 1058 dignaretur,
503 1001 539 1043 ex
555 982 661 1065 quibus
677 984 771 1046 visum
788 984 842 1054 sit,
864 1002 950 1068 qvam
966 984 1054 1047 facile
1072 983 1132 1046 Sua
1149 984 1290 1065 Majestas
1307 982 1400 1061 Regia
1419 1002 1501 1044 nnnc

299 1088 390 1149 etiam
416 1089 567 1154 mediante
593 1092 687 1155 Czaro
715 1094 898 1174 ilungariam
925 1114 1063 1157 asserere
1091 1094 1124 1157 S.
1147 1094 1182 1155 V.
1211 1094 1241 1155 in
1267 1092 1502 1175 Transsylrania

299 1202 495 1262 manutenere
511 1198 626 1285 (sibi‘l)
647 1201 683 1263 ad
708 1202 890 1285 imperialem
914 1222 1054 1267 coronam
1080 1202 1204 1283 gradum
1227 1208 1346 1265 struere
1369 1200 1501 1282 religio-

299 1307 407 1391 nisque
429 1310 622 1373 securitatem
646 1311 781 1376 stabilire
798 1318 898 1398 queat,
914 1314 1049 1397 inprimis
1066 1331 1144 1377 nnnc
1162 1312 1230 1376 dum
1246 1316 1372 1375 vacante
1388 1310 1500 1373 throno

299 1416 448 1499 imperiali
457 1418 551 1502 Regia
564 1420 706 1503 blajestas
723 1442 774 1485 eas
792 1442 863 1505 qvas
876 1426 964 1485 antea
980 1442 1034 1505 pro
1052 1422 1138 1485 domo
1155 1421 1302 1485 austriaca
1318 1439 1376 1484 non
1393 1423 1502 1481 tenea-

299 1529 350 1588 tur
362 1526 476 1589 babere
487 1530 755 1602 considerationes,
769 1534 800 1595 et
813 1530 909 1594 adhue
926 1532 1072 1595 incertum
1089 1532 1138 1603 sit,
1152 1536 1248 1594 utrum
1262 1530 1385 1593 Carolus
1400 1528 1503 1611 impe·

300 1640 383 1698 rator
398 1636 516 1700 futurus
537 1638 578 1701 sit
596 1639 632 1702 ad
649 1639 817 1702 evitandam
834 1639 952 1723 lmperii
970 1644 1001 1703 et
1018 1640 1221 1722 Hispaniarum
1239 1636 1501 1719 conjunctionem

302 1744 440 1808 Carolnm
464 1744 593 1829 deniqne
617 1749 724 1812 alliatis
752 1753 798 1812 tot
820 1748 987 1811 nominibus
1011 1748 1182 1811 devinctum
1205 1768 1289 1817 esse,
1317 1752 1349 1810 ut
1373 1746 1502 1809 tirmiter

301 1852 481 1936 sperandum
497 1854 546 1923 sit,
563 1854 692 1918 eundem
709 1856 875 1919 accedente
893 1854 1055 1919 eorundem
1071 1854 1171 1919 allicio
1188 1856 1315 1939 legalem
1327 1854 1501 1937 ilungariae

251 2031 255 2037 ,
299 1965 521 2047 impertitorem
533 1965 767 2030 satisfactionem
773 1988 783 2039 ;
801 1986 858 2031 nec
870 1965 1007 2030 dubitare
1019 1984 1078 2037 me,
1092 1964 1207 2028 alliatos
1219 1966 1296 2029 banc
1309 1964 1503 2028 occasionem

301 2071 508 2136 lubentissime
520 2079 712 2157 accepturos,
720 2076 827 2158 partim
840 2076 876 2139 ad
888 2074 1131 2139 satisfaciendum
1143 2074 1297 2157 promissis
1309 2073 1381 2145 anis,
1390 2074 1500 2156 partim

301 2180 338 2242 ad
355 2201 391 2245 ee
408 2180 497 2245 citius
512 2180 673 2246 finiendum
689 2203 782 2267 grave
799 2185 856 2248 hoc
872 2184 993 2255 bellum,
1011 2185 1116 2266 partim
1134 2183 1170 2246 ad
1187 2182 1411 2266 praecavendas
1425 2202 1502 2265 qnae

300 2308 381 2353 nnnc
410 2289 440 2352 in
463 2290 631 2373 ilungaria,
659 2292 688 2355 in
710 2293 838 2357 Oriente
865 2312 900 2358 ac
924 2293 1139 2377 Septentrione
1163 2292 1273 2356 exoriri
1297 2292 1418 2376 quirent
1445 2312 1501 2375 pro

302 2398 396 2462 Gallia
412 2398 610 2465 diversiones.
639 2402 720 2466 Fieri
736 2423 838 2487 posse,
855 2408 887 2467 nt
903 2408 963 2466 tota
981 2403 1129 2486 llnngaria
1145 2400 1232 2465 modo
1249 2406 1374 2465 secante
1391 2400 1500 2464 throno

299 2507 347 2572 ael
365 2508 402 2571 ad
414 2509 565 2573 minimum
578 2512 667 2596 aliqri
679 2518 834 2596 magnates
847 2512 883 2577 ad
896 2510 1024 2597 denique
1037 2513 1142 2597 copiae
1155 2512 1500 2593 caesareollnngaricae

301 2612 581 2685 confoederatorum
596 2622 742 2687 accedant
759 2624 855 2707 parti,
879 2628 911 2688 et
927 2623 1001 2687 adeo
1023 2642 1127 2687 novam
1143 2622 1235 2685 rebus
1252 2641 1356 2687 eornm
1372 2620 1502 2683 reddant

300 2726 419 2792 faciem.
450 2729 557 2793 Addidi
573 2729 620 2794 his
637 2732 784 2803 omnibns,
805 2752 852 2796 mc
869 2734 962 2796 solnm
978 2732 1055 2795 baec
1071 2734 1186 2814 prirato
1203 2731 1324 2795 nomine
1338 2730 1502 2813 profferre

302 2836 422 2901 mndata
438 2843 536 2903 tamen
553 2861 622 2904 esse
639 2844 733 2905 omnia
748 2844 776 2905 in
790 2842 1035 2907 instructionibus
1049 2864 1064 2905 a
1077 2843 1110 2905 S.
1121 2842 1156 2905 V.
1170 2842 1240 2903 mibi
1254 2842 1342 2912 datis,
1356 2846 1502 2924 expecta-

301 2951 399 3009 tnrnrn
415 2968 464 3011 rne
479 2950 596 3014 interea
615 2952 648 3015 S.
666 2954 701 3017 v.
723 2953 879 3025 mandata,
896 2972 971 3037 qrae
988 2972 1044 3037 per
1060 2970 1234 3036 expressum
1251 2970 1350 3013 meum
1367 2970 1501 3014 commo-

302 3052 426 3118 dissime
436 3060 596 3123 transmitti
609 3060 734 3143 possint.
758 3062 924 3145 Respondit
936 3060 1072 3128 dominns
1085 3058 1122 3122 de
1134 3059 1230 3143 llgen,
1243 3058 1314 3121 mibi
1328 3058 1388 3142 ipsi
1400 3062 1501 3122 notum

302 3182 371 3227 esse
393 3166 477 3247 regis
498 3169 528 3229 in
547 3170 726 3250 ilungariam
748 3176 905 3255 paternum
929 3171 1083 3240 allectum,
1108 3173 1140 3233 et
1154 3188 1240 3231 snum
1258 3168 1290 3231 S.
1302 3168 1336 3231 V.
1357 3174 1390 3230 et
1406 3186 1503 3249 regno

301 3275 452 3339 serviendi
468 3276 597 3341 studium
614 3300 735 3363 semper
750 3301 785 3344 se
801 3302 929 3351 vovere,
954 3286 987 3343 ut
1009 3278 1172 3362 plenariam
1196 3276 1299 3341 afflicti
1317 3276 1407 3358 regni
1423 3276 1502 3339 illins

304 3383 404 3466 populi
420 3383 575 3449 obtineant
590 3387 758 3452 libertatem
776 3396 807 3452 et
827 3388 973 3471 quietem
1000 3386 1103 3451 videre
1127 3406 1179 3457 se,
1207 3385 1381 3469 opinionem
1407 3404 1500 3447 meam

302 3498 537 3574 superstruclam
559 3514 637 3559 esse.
667 3498 764 3560 Primo
782 3498 899 3582 quidem
924 3496 1149 3563 concludendae
1170 3494 1254 3578 pacis
1277 3494 1359 3558 inter
1376 3494 1502 3565 Srecos,

303 3600 422 3665 Moscos
445 3608 477 3665 et
492 3605 620 3668 'l'nrcam
643 3606 721 3671 banc
743 3608 834 3672 tantis
858 3613 960 3691 totque
984 3606 1163 3691 implicatam
1180 3624 1249 3668 esse
1265 3602 1502 3671 difficultatibus,

304 3710 427 3774 atinde
449 3712 576 3779 effectus
600 3714 698 3779 nullus
721 3718 875 3800 expectari
900 3722 988 3801 queat
996 3738 1005 3789 ;
1030 3716 1157 3779 Gnarum
1172 3732 1321 3797 nunqnam
1338 3713 1442 3776 emnia
1456 3712 1502 3775 illa

304 3818 444 3882 initurum
456 3841 531 3903 qvae
544 3844 560 3885 a
573 3844 648 3904 rege
660 3825 788 3888 Sreciae
804 3830 1020 3909 proponuntur,
1038 3844 1094 3887 nec
1110 3823 1189 3887 hunc
1205 3843 1221 3886 a
1237 3820 1502 3905 praetensionibns

304 3928 366 3991 suis
389 3930 536 4013 quidpiam
558 3934 760 3997 remissurum.
792 3936 958 3997 ancarum
979 3934 1130 3997 interesse
1145 3932 1319 4015 requirere,
1341 3936 1375 3993 ut
1392 3930 1501 3995 Czams

305 4038 391 4101 Ascli
409 4044 441 4102 et
463 4041 520 4104 alia
534 4042 566 4104 in
581 4043 639 4106 illis
654 4043 790 4127 partibus
807 4043 966 4107 existentia
982 4041 1123 4105 fortalitia
1139 4040 1277 4104 demoliri
1302 4043 1390 4103 cerret
1399 4060 1408 4110 ;
1426 4038 1500 4101 bunc

304 4168 379 4211 sero
394 4148 562 4213 omnimode
578 4152 609 4215 in
620 4172 657 4215 eo
670 4174 751 4226 esse,
762 4157 796 4217 ut
807 4156 893 4237 parta
909 4154 1069 4217 conservet
1086 4154 1117 4215 et
1131 4154 1257 4233 angeat3
1275 4152 1376 4211 utrum
1389 4146 1499 4212 Gallica

305 4259 460 4339 acceptata
475 4256 514 4321 sit
529 4258 681 4333 mediatio,
696 4260 727 4323 in
743 4258 865 4324 dubium
880 4258 981 4323 vocari
993 4278 1101 4342 posse;
1118 4256 1198 4322 scire
1210 4276 1244 4320 se
1256 4254 1335 4321 hanc
1347 4254 1498 4321 l'etesinm

306 4366 500 4448 proposuisse
521 4366 613 4453 (sed)
628 4369 827 4451 ignominiose
842 4390 859 4431 a
875 4368 1000 4431 Gnarum
1017 4366 1098 4456 (sic)
1115 4371 1273 4447 exceptum
1297 4364 1404 4427 irrisae.
1442 4364 1496 4426 llas

307 4472 434 4558 deniqre
457 4476 645 4549 blascorum,
668 4478 832 4541 ancarnm
861 4481 892 4540 et
916 4477 1082 4543 Sreaornm
1106 4476 1146 4539 ita
1166 4473 1343 4537 constitutas
1359 4492 1446 4540 esse,
1470 4476 1497 4531 nl

305 4585 402 4669 magis
422 4583 460 4645 ad
479 4584 585 4647 herum
606 4585 864 4651 conservationem
888 4604 973 4669 mam
998 4586 1034 4649 ad
1055 4585 1178 4649 aliorum
1201 4581 1401 4647 assertionem
1423 4598 1498 4643 arma
