3117 5084
284 318 336 390 ll

282 496 448 563 Serenitati
464 494 544 561 Vrae
568 500 600 559 et
621 494 742 561 Nationi
765 497 926 580 ilungarae
949 496 1127 562 satisfacere
1149 504 1269 583 queant.
1301 497 1475 563 Sermonem

282 606 372 670 etiarn
394 604 469 671 fecit
492 602 531 668 de
552 602 753 669 Serenissima
774 604 918 689 Ejusdem
939 624 994 690 pro
1016 606 1175 689 Religione
1190 606 1375 691 Evangelica
1397 609 1476 672 etin
1556 665 1557 686 q

281 714 463 798 Hungariam
474 713 581 786 redita,
599 732 688 799 quem
695 714 759 797 jam
770 713 881 779 lactum
893 714 992 779 retuli.
1002 714 1115 780 Finioit
1126 714 1257 801 denique
1268 717 1346 789 llux,
1358 722 1479 803 postea-
1556 695 1557 748 ἶ

283 842 370 908 quam
392 822 478 888 nobis
500 823 679 908 aperuisset,
702 842 720 887 a
741 822 917 888 Secretario
939 823 1043 889 Status
1066 845 1122 891 nos
1145 825 1377 911 Expeditionem
1396 824 1480 890 babi-
1556 859 1557 874 κ

281 936 384 1006 turos,
407 953 443 997 se
466 938 497 997 et
518 932 664 1016 Reginam
688 931 853 996 Serenitati
866 932 946 997 Vrec
969 939 1001 997 et
1023 932 1159 999 Statilius
1183 939 1303 1020 paratos
1327 954 1422 1007 esse,
1445 934 1482 999 de
1556 965 1557 1012 5

281 1040 393 1106 rendre
409 1046 476 1106 tous
492 1040 537 1106 les
553 1040 702 1126 possibles
716 1041 870 1113 services,
887 1042 926 1107 de
943 1040 1050 1126 quibus
1062 1043 1265 1109 serenitatem
1276 1042 1484 1135 Vramninlor·

280 1149 418 1215 mandam
434 1149 507 1213 mibi
522 1150 672 1235 imposuit
1556 1141 1557 1155 ³

379 1259 539 1325 Caeterum
555 1260 639 1324 27⁸¹.
655 1259 755 1324 blartii
771 1260 880 1324 iterum
895 1260 1061 1344 perlinam
1077 1260 1116 1324 de
1128 1260 1297 1326 Cardonnel
1313 1260 1397 1347 apud
1411 1282 1483 1328 suae

281 1368 445 1454 blajestatis
462 1368 669 1434 consiliarium
695 1368 833 1433 lntimum
857 1374 888 1433 et
909 1369 1013 1434 Status
1036 1369 1242 1436 Secretarium
1266 1371 1367 1436 Duum
1388 1372 1484 1455 Boyle

280 1478 443 1544 introducti
459 1498 576 1551 snmus,
601 1480 652 1563 qui
675 1476 760 1542 nobis
782 1477 925 1544 brevibus
948 1484 1081 1542 mentem
1101 1478 1322 1545 serenissimae
1343 1481 1482 1565 Reginae

280 1587 457 1673 propalavit,
473 1607 509 1651 ae
524 1585 713 1669 ablajestate
729 1606 784 1651 sua
796 1585 990 1651 consiliarios
1001 1587 1123 1653 lntimos
1139 1587 1297 1672 deputatos
1312 1608 1399 1660 esse,
1414 1608 1483 1654 cnm

281 1697 389 1781 quibus
405 1715 501 1781 propo
517 1694 596 1760 diem
612 1694 753 1760 conferre
769 1694 943 1768 debeamus,
955 1696 1107 1761 indicavit.
1134 1696 1394 1762 praestolantibus
1406 1716 1482 1781 ergo

280 1806 514 1872 nutilieationam
528 1806 679 1877 Termini,
699 1804 951 1869 Excellentissimi
968 1805 1085 1890 blylord
1099 1805 1184 1891 llaby
1204 1824 1351 1892 perquam
1372 1813 1483 1891 gratae

280 1915 317 1980 ad
329 1934 383 1980 nos
390 1914 585 2000 perferuntur
595 1912 673 2001 (rid.
682 1914 741 1978 bit.
753 1911 825 2000 -—)‚
833 1913 941 1999 quibus
951 1914 1185 1980 Serenissimum
1192 1916 1355 1981 borussiae
1362 1918 1482 2001 Regem

278 2022 502 2089 Resolutionem
516 2023 576 2088 Dni
591 2021 748 2088 dablonsli
764 2021 959 2109 approbasse,
975 2028 1009 2089 et
1023 2023 1061 2089 ad
1077 2023 1263 2089 tractandam
1277 2044 1344 2089 rem
1359 2042 1482 2089 onmem

280 2130 451 2197 libertatern
470 2131 662 2217 permisisse,
685 2130 830 2216 prolixius
854 2137 1019 2198 enumerat
1059 2131 1250 2216 Significavit
1276 2134 1368 2198 etiam
1393 2133 1482 2200 nobis

282 2240 363 2305 Suae
386 2239 553 2323 Majestatis
577 2240 780 2305 brittannicae
806 2240 892 2305 Dnus
914 2242 1036 2313 rbilsen,
1064 2243 1113 2306 cui
1141 2240 1246 2307 itidem
1277 2240 1480 2307 commendati

281 2345 441 2420 fueramus,
457 2348 589 2414 Bellicus
605 2348 807 2421 Secretarius‚
823 2347 1041 2414 bubomirsnlii
1050 2348 1231 2416 Wiennensi
1246 2348 1479 2414 Aulaeltatione

281 2455 404 2521 militiae
427 2476 500 2522 suae
522 2455 618 2522 tactas
634 2454 812 2530 oblationes,
837 2456 1070 2543 quibuscaesar
1084 2477 1189 2523 aurem
1203 2458 1364 2544 porrigere
1388 2458 1479 2523 rido-

279 2566 379 2639 batur,
389 2564 453 2648 jam
469 2566 549 2631 anim
563 2564 631 2631 iere
647 2566 679 2630 in
685 2566 897 2631 Dimissionem
906 2567 1067 2654 copiarum
1073 2566 1255 2633 Daniearum
1266 2572 1479 2637 consenserat,

282 2676 390 2762 quibus
406 2677 615 2763 supplementa
632 2677 776 2762 quaedam
790 2675 894 2766 (que)
909 2678 1016 2762 vigore
1032 2684 1204 2745 contractus
1220 2678 1294 2744 dare
1309 2683 1481 2751 teneretur,

280 2784 510 2851 subministrare
525 2782 695 2851 recusabat.
714 2784 852 2851 Addebat
865 2786 991 2853 Novella
1002 2787 1164 2853 betblenio
1176 2786 1285 2853 comiti
1301 2803 1482 2872 processum

280 2892 412 2969 institni3
430 2894 590 2959 Caesarem
611 2896 678 2960 sire
692 2894 759 2961 sine
781 2896 847 2960 sire
870 2914 939 2962 cum
953 2895 1120 2961 blediatore
1142 2890 1308 2981 ilungaris,
1330 2894 1374 2961 ita
1390 2900 1429 2960 ut
1443 2914 1482 2959 ne

280 3002 510 3087 Transsylrania
525 3003 680 3075 avellatur,
696 3023 766 3068 suas
782 3004 947 3068 restituere
961 3005 1041 3069 velle
1055 3004 1239 3069 bibertates.

369 3110 504 3177 'landem
516 3110 610 3196 prima
622 3111 733 3176 mensis
741 3112 853 3198 Aprilis
864 3112 897 3177 in
907 3112 1051 3178 Palatium
1063 3114 1307 3180 consiliariorum
1318 3130 1376 3197 per
1386 3130 1483 3197 saepe

281 3220 462 3287 nominatum
477 3221 575 3285 Dnum
591 3219 630 3285 de
646 3218 816 3285 Cardonnel
833 3219 966 3294 deducti,
982 3222 1081 3287 donec
1092 3222 1223 3287 Senatus
1239 3225 1485 3304 congregaretur

279 3332 310 3395 in
326 3330 549 3396 Anti-Camere
574 3328 838 3414 exspectabamus,
869 3329 949 3394 unde
965 3331 1032 3395 Dur
1053 3330 1093 3395 de
1108 3328 1342 3412 blarleborough
1363 3326 1403 3392 ad
1426 3328 1483 3392 bos

281 3438 417 3505 exeundo
441 3458 585 3525 perquam
608 3437 743 3521 benigne
759 3444 791 3503 et
810 3452 884 3503 sane
899 3439 1027 3504 Pateme
1052 3459 1108 3503 nos
1130 3438 1300 3511 admonuit,
1323 3442 1358 3501 ut
1373 3437 1406 3501 in
1421 3443 1485 3501 tam

278 3548 389 3613 lllustri
402 3548 552 3613 Consessu
568 3546 665 3613 libere
681 3552 714 3611 et
729 3546 851 3612 sineere
866 3548 1031 3632 loquamur,
1047 3566 1083 3610 se
1099 3551 1132 3610 et
1142 3545 1375 3611 serenissimam
1385 3543 1484 3628 Regi-

282 3676 349 3723 nam
366 3656 505 3740 Quietem
521 3654 628 3721 Gentis
644 3674 760 3719 summe
775 3674 903 3727 vorare,
927 3659 960 3718 et
976 3652 1013 3718 ad
1035 3652 1161 3718 eandem
1182 3650 1392 3718 stabiliendam
1408 3671 1485 3717 coo-

280 3785 390 3852 perare
406 3766 494 3837 velle,
511 3762 674 3828 timendum
689 3769 802 3835 tamen,
825 3762 857 3827 ni
879 3762 961 3827 seria
975 3762 1036 3827 Par
1052 3760 1211 3826 Generalis
1233 3758 1303 3833 liat,
1325 3778 1362 3825 se
1384 3760 1484 3846 primo

280 3873 437 3941 favorabili
453 3877 542 3937 rento
558 3873 590 3936 in
605 3871 792 3937 llollandiam
806 3873 989 3943 soluturum,
1013 3890 1050 3936 ae
1065 3891 1121 3935 uos
1135 3872 1240 3953 llagae
1255 3868 1295 3933 de
1308 3866 1485 3933 modalitate

280 3981 501 4047 reddendarum
529 3980 595 4044 Dno
622 3979 818 4045 Pensionario
845 3978 1015 4043 literarum
1041 3978 1270 4043 informaturum
1293 3975 1485 4061 similemque

281 4091 456 4157 traditurum
483 4088 716 4155 Resolutionem.
765 4087 835 4151 bion
867 4091 936 4172 post
968 4086 1156 4152 undecimam
1186 4084 1292 4149 boram
1317 4082 1484 4148 intromissi

280 4218 392 4272 sumus,
401 4197 452 4262 ubi
464 4195 676 4282 praesentibus
689 4200 723 4259 ut
734 4200 881 4259 vocantur
892 4193 1226 4259 (labium-consiliariis
1234 4188 1485 4280 (Tit.)Praeside

280 4307 396 4393 blylord
413 4306 583 4378 Summers,
604 4305 690 4370 Duce
706 4303 745 4367 de
760 4302 1009 4387 blarleborourg,
1032 4303 1142 4386 blagno
1159 4300 1257 4385 Regni
1281 4299 1485 4372 Cancellario‚

281 4417 397 4486 Gemite
414 4416 525 4502 Super,
537 4416 646 4500 Magno
659 4414 811 4486 Admirali,
825 4413 941 4478 Comite
953 4412 1132 4486 Pembrocb,
1145 4412 1254 4495 blagno
1268 4409 1484 4479 Theseus-ario,

278 4530 396 4619 blylord
412 4526 573 4603 Godolffin,
589 4528 693 4597 Status
710 4523 928 4611 Principalibus
944 4522 1144 4594 Secretariia
1164 4522 1250 4587 Duce
1267 4518 1481 4604 Queansburg
