3117 5084
286 319 361 394 156

281 496 431 581 preteudd
446 498 733 572 accommodement,
749 501 824 564 mais
840 499 878 563 de
896 499 1069 573 demander,
1083 500 1173 584 qu'ou
1183 504 1334 585 permette
1350 498 1389 564 de
1405 500 1482 564 laire

282 606 382 669 savoir
393 626 430 670 au
442 607 550 671 Princo
563 607 608 671 les
618 608 784 673 luteutious
797 607 836 672 do
851 608 879 671 la
891 608 985 673 lleine
1001 630 1071 673 sans
1086 608 1237 673 s'arreter
1249 610 1267 673 l
1279 608 1335 673 llr.
1349 610 1481 682 Loeher,

283 714 314 775 ni
330 733 426 777 aucun
441 721 527 780 autre
541 716 675 799 iutrigue
689 717 730 781 du
741 718 861 789 monde,
875 722 907 781 at
922 718 1047 783 saciant
1062 715 1196 781 ladessus
1208 718 1253 780 les
1264 718 1429 783 intentione
1442 718 1480 781 de

284 822 318 886 S.
335 824 370 886 Α.
393 824 426 888 S.
451 844 487 888 ce
508 824 634 897 Prince,
658 826 731 890 dont
754 825 817 910 j'ay
844 826 864 890 l·
872 826 1010 891 honneur
1036 825 1140 891 d'etre
1161 824 1296 891 llinistre
1322 826 1481 912 (quopque

284 931 404 995 destini
420 932 541 996 allieurs
558 939 591 997 et
606 939 690 998 etant
704 954 774 998 saus
792 934 954 999 caractere
970 932 1036 1021 icy)
1053 956 1090 999 en
1107 935 1261 999 attendant
1276 954 1336 1019 que
1351 935 1384 999 S.
1398 936 1433 999 Α.
1447 935 1479 999 S.

283 1038 309 1101 s'
316 1039 455 1124 euplique
471 1040 545 1105 dans
560 1042 606 1106 les
621 1042 743 1115 formes,
757 1044 792 1126 jo
808 1048 945 1126 protecte
962 1043 1071 1108 devant
1085 1050 1152 1109 tous
1166 1062 1241 1108 ceux
1254 1043 1304 1128 qui
1316 1042 1480 1107 s'interes·

285 1154 355 1213 seut
375 1150 448 1213 dans
470 1155 551 1215 cette
573 1151 676 1215 affaire
697 1156 803 1216 contre
826 1157 892 1217 tout
913 1154 1187 1217 accommodement
1207 1172 1265 1236 que
1288 1153 1316 1215 la
1340 1150 1420 1215 cour
1442 1151 1480 1215 de

284 1257 400 1323 Vieuue
420 1258 560 1324 roudroit
581 1259 656 1323 faire
677 1260 716 1324 de
737 1280 795 1325 son
818 1262 893 1325 chet
911 1266 943 1325 et
965 1260 1219 1344 independemeut
1234 1260 1289 1325 des
1305 1259 1410 1325 offices
1425 1260 1480 1324 dos

285 1366 321 1431 ll.
337 1367 372 1430 Α.
390 1366 441 1453 qui
456 1365 677 1453 s'iuterposeut
693 1389 732 1432 en
748 1374 835 1434 notre
851 1368 956 1435 taseur
971 1375 1002 1435 et
1017 1390 1094 1454 pour
1108 1374 1196 1435 notre
1213 1370 1333 1435 Surete.
1351 1404 1396 1415 -
1413 1368 1479 1451 Quil

286 1480 334 1539 est
350 1475 473 1541 difficile
495 1497 575 1542 mon
590 1478 807 1542 Venerable
822 1478 986 1551 llousieur,
1010 1478 1049 1542 de
1070 1480 1214 1543 terminer
1235 1483 1285 1543 cet
1306 1477 1426 1548 aliaue,
1451 1482 1481 1542 et

285 1584 455 1669 cependant
476 1587 503 1651 la
520 1587 606 1669 regle
623 1586 755 1651 imuable
772 1606 850 1669 pour
865 1609 885 1672 p
900 1587 1016 1651 reussir
1031 1587 1311 1651 immaucablemeut
1325 1606 1360 1650 se
1376 1593 1481 1650 uouue

286 1693 359 1758 dnus
380 1714 441 1779 peu
463 1694 502 1759 de
524 1696 644 1779 paroles
668 1696 708 1760 de
728 1717 784 1761 nos
801 1694 835 1759 S.
852 1696 1028 1778 Euangdes,
1052 1696 1141 1781 qu'ou
1164 1696 1300 1780 pourroit
1315 1694 1380 1759 dire
1397 1694 1416 1758 l
1431 1713 1480 1757 ses

286 1804 470 1876 courtisans,
488 1804 538 1889 qui
553 1802 605 1890 n'y
620 1804 788 1869 cherchent
804 1824 862 1889 que
877 1806 959 1869 leurs
975 1805 1104 1869 lnterets
1128 1804 1329 1889 particuliers.
1361 1800 1481 1868 lleudes

286 1912 365 1977 donc
382 1912 533 1986 &Caesam
549 1933 585 1978 ce
603 1914 653 1996 qui
669 1918 716 1977 est
732 1914 884 1985 deserar,
903 1918 934 1977 et
950 1915 968 1978 t
983 1914 1071 1985 Dieu,
1089 1932 1125 1977 ce
1142 1913 1192 1998 qui
1208 1918 1256 1977 est
1271 1913 1289 1976 a
1305 1912 1381 1975 Diau
1399 1912 1416 1975 al
1434 1910 1482 1994 qui

286 2041 325 2085 on
341 2042 359 2085 a
374 2019 462 2105 prete
482 2026 546 2085 tant
567 2021 606 2085 de
622 2021 767 2086 Sermens
791 2022 951 2087 solennels.
983 2022 1086 2086 Fuitez
1106 2041 1188 2106 moy,
1206 2022 1329 2103 jesous
1347 2020 1481 2102 conjure,

286 2132 315 2195 la
335 2151 429 2213 grace
451 2131 489 2195 de
511 2131 610 2196 croue
632 2151 692 2215 que
710 2133 744 2214 je
767 2132 830 2196 suis
855 2137 957 2197 autaut
978 2152 1036 2215 que
1059 2150 1210 2215 personne
1234 2150 1271 2193 au
1286 2127 1396 2193 monde
1412 2146 1483 2192 aree

287 2239 409 2324 passion
423 2244 456 2304 et
470 2245 535 2304 tres
551 2240 755 2304 sinceremeut

788 2366 942 2430 lllousieur

1030 2472 1123 2537 Votre
1145 2477 1209 2536 tres
1232 2470 1353 2534 humile

1032 2587 1063 2645 et
1076 2581 1192 2645 devoue
1205 2579 1356 2645 seruiteur

324 2708 482 2780 (Originum.)
979 2708 1101 2774 L'abbe
1117 2710 1292 2772 Brenner
1306 2726 1346 2769 m.
1365 2728 1395 2791 p.

858 2890 912 2955 78.

436 3017 655 3081 Schneiben
678 3015 750 3079 des
775 3016 876 3079 nube
893 3016 1068 3079 Brenuer
1091 3034 1134 3076 an
1158 3014 1342 3076 Klemeut.

590 3141 795 3225 Konigsberg,
813 3162 849 3205 ce
868 3140 909 3205 16
927 3141 966 3204 de
981 3140 1063 3205 lllars
1084 3138 1179 3205 1711.

563 3272 729 3334 Praesent.
747 3268 896 3334 Berolini
911 3268 966 3333 23.
984 3266 1100 3353 Mortij
1116 3264 1214 3330 1711.

444 3429 644 3497 Perillustrr's
660 3451 701 3495 oc
718 3431 878 3495 Generosa
893 3428 1029 3494 Domine
1044 3426 1123 3490 milri
1139 3424 1455 3491 Observandissime!

382 3539 600 3622 Respousorias
628 3539 667 3604 ad
687 3540 773 3603 Pacis
795 3538 942 3603 Nuueium
968 3537 1054 3601 hisee
1082 3534 1205 3599 accludo
1228 3532 1284 3598 sub
1307 3530 1438 3603 volanti,
1461 3538 1495 3597 ut

292 3648 326 3711 P.
343 3648 380 3712 D.
400 3646 435 3711 V.
458 3649 609 3731 perlectas
630 3651 664 3714 n.
682 3650 720 3711 D.
736 3646 891 3712 lablonslri
912 3646 1033 3711 tradere
1056 3665 1116 3709 nou
1137 3648 1289 3727 gravetur,
1313 3660 1439 3727 quarum
1462 3646 1496 3704 ut

293 3755 385 3839 Copia
402 3757 449 3820 rel
466 3761 619 3821 extractus
634 3757 672 3820 D.
686 3756 719 3820 C.
733 3755 944 3838 Peterboroug
960 3753 1122 3819 sinemuro
1138 3752 1282 3821 mittatur,
1300 3750 1495 3833 caeterisque

294 3865 345 3948 qui
361 3864 441 3928 inre
457 3870 559 3928 nostra
575 3864 756 3938 allaborant,
779 3864 966 3937 exhibeatur,
984 3862 1071 3926 enixe
1087 3880 1206 3945 precor.
1238 3856 1321 3922 Adeo
1337 3857 1395 3921 luas
1410 3859 1443 3921 in
1458 3879 1496 3921 re

294 3972 372 4057 quod
388 3971 544 4056 splendet,
568 3994 627 4038 nou
648 3978 697 4038 est
711 3992 832 4045 numm,
858 3978 1060 4057 utnusquam
1084 3970 1114 4033 iu
1131 3968 1340 4053 praesentiore
1356 3966 1496 4050 periculo

293 4082 406 4147 versati
420 4082 522 4145 simus.

384 4190 420 4253 Si
440 4190 506 4254 siue
527 4190 662 4254 Excelsis
684 4189 833 4271 colligatis
858 4188 1053 4273 paciscimur,
1080 4185 1256 4269 decipimur,
1281 4188 1313 4246 et
1334 4182 1434 4245 delusi
1459 4183 1496 4247 ad

295 4318 383 4384 quem
400 4299 628 4382 confugiemus?
660 4297 797 4363 Obsecro
813 4296 908 4381 igitur
924 4300 955 4359 ut
968 4298 999 4359 P.
1012 4296 1050 4358 D.
1064 4294 1099 4357 V.
1118 4292 1227 4359 dictam
1238 4291 1361 4375 Copiam
1376 4290 1497 4377 (potius

295 4428 382 4493 pam
403 4406 600 4492 extractum),
622 4408 712 4472 etiam
733 4410 803 4470 ante
825 4404 986 4469 earundem
1004 4402 1193 4467 traditionem
1209 4418 1389 4484 quoeunque
1404 4398 1497 4462 modo

296 4520 359 4583 tutu
386 4521 418 4580 et
448 4517 603 4601 expedita,
634 4515 680 4582 uia
712 4514 833 4579 mittere
860 4512 956 4577 modis
988 4509 1123 4576 omnibus
1157 4513 1292 4573 conetur.
1339 4508 1497 4572 Postrema
