3117 5084
288 353 364 427 132

375 530 498 596 Primo
515 529 652 615 quidem,
676 529 716 594 Ut
738 531 836 593 omnia
857 530 888 593 in
911 551 966 594 suo
987 551 1048 595 non
1064 533 1233 616 interrupto
1250 530 1299 595 lilo
1319 530 1489 614 procedant

289 637 462 705 observabit
474 658 509 704 se
520 638 673 704 Reducem
688 637 789 701 firmas
805 636 892 702 uobis
908 643 1048 722 portasse
1060 659 1098 702 ex
1109 640 1198 704 Parte
1207 639 1382 703 Alliatorum
1393 640 1488 702 Asse-

286 747 457 813 curationes
479 748 518 813 de
540 747 709 812 inclusione
723 747 839 811 ‘Nostra
861 747 892 810 in
912 748 1021 812 Pacem
1036 747 1242 813 Universalem
1264 751 1296 811 et
1322 745 1488 811 obtinenda

277 855 448 943 adaequata
472 857 701 928 satisfactione,
722 856 970 942 deceptionequo
993 855 1123 922 btinistri
1149 857 1263 928 nostri,
1292 855 1487 920 desiderasse

285 970 386 1030 tamen
411 966 526 1031 alliatos
542 965 695 1030 Potentius
717 969 750 1028 ul
773 984 790 1026 a
811 964 959 1030 movendo
982 964 1064 1030 bello
1079 965 1210 1031 Turcico
1227 965 1488 1049 Colligationeque

285 1079 389 1138 nostra
414 1094 482 1138 cum
503 1075 599 1139 baeoe
623 1073 760 1138 Potentia
782 1072 1020 1148 abstineremns;
1046 1075 1236 1160 Quapropter
1263 1073 1490 1157 subsequenter

287 1201 406 1268 quoque
430 1181 602 1248 confirmata
626 1182 721 1247 haece
746 1181 901 1247 favorabili
916 1183 1085 1248 intentione
1106 1183 1271 1248 alliatorum
1286 1203 1343 1266 per
1357 1181 1488 1246 Resolu-

285 1291 383 1355 tiones
396 1312 412 1354 a
424 1291 538 1374 Regina
551 1291 679 1374 Magnae
691 1287 1084 1378 BrittaniaeKbrtvdlyessio
1099 1293 1183 1357 datas
1197 1314 1232 1356 en
1245 1293 1364 1375 integro
1379 1289 1489 1355 conlisi

286 1398 567 1464 dssecurationibus
584 1399 851 1485 praememoratis,
874 1417 934 1464 non
950 1404 1064 1486 tantum
1079 1401 1304 1486 Propositiones
1319 1403 1489 1464 Turoarum

286 1508 324 1572 de
348 1508 548 1573 Restitutione
572 1508 683 1592 Agriae
706 1514 737 1572 et
760 1507 875 1573 Zolnok
902 1514 935 1573 el
961 1515 1151 1576 caeterorum
1178 1509 1347 1595 conjunctis
1371 1508 1487 1573 viribus

287 1615 537 1702 acquirendorum
554 1617 762 1683 fortalitiorum
779 1618 969 1702 seposuimus
989 1619 1045 1684 sed
1067 1625 1100 1683 et
1121 1617 1273 1684 ministros
1290 1621 1413 1683 nostrus
1428 1615 1487 1680 bae

287 1744 380 1810 super
395 1743 430 1788 re
447 1725 611 1790 instructos
627 1726 833 1790 reuocauimus
850 1747 885 1790 ac
900 1730 1065 1812 propterea

378 1833 573 1906 Secundo,
596 1833 672 1898 Dum
703 1854 740 1899 ex
767 1840 853 1919 parte
876 1834 986 1900 Nostra
1008 1835 1084 1900 haec
1107 1835 1271 1900 seeundum
1295 1834 1489 1898 Desiderium

286 1942 460 2006 Alliatorum
487 1941 566 2006 lacta
593 1948 680 2015 sunt,
707 1949 858 2028 proponet
878 1943 942 2009 Nos
962 1945 1033 2028 jure
1058 1945 1165 2009 merito
1193 1943 1366 2008 desiderare
1396 1962 1487 2027 posse

288 2049 416 2114 credere
447 2049 595 2114 evidentia
623 2070 742 2137 quoque
763 2051 889 2117 Fateris
916 2051 1028 2117 Eorum
1055 2051 1159 2137 signa,
1190 2052 1240 2136 qui
1260 2056 1321 2116 tarn
1348 2056 1487 2136 prompte

287 2157 452 2222 Desideriis
468 2157 580 2222 Eorum
596 2157 773 2223 satisfacere
790 2161 952 2233 voluimus,
972 2161 1115 2226 Novimus
1132 2159 1251 2245 quidem

361 2266 1488 2355 'l'jertio,InterruptosPacis'lbactatusspeciosamsuppeditaturosOcca-

286 2375 401 2440 sionem
414 2375 451 2440 ad
467 2375 635 2440 evitandam
651 2377 761 2440 realem
778 2383 811 2441 et
826 2379 982 2462 positivam
997 2378 1229 2450 Resolutionem,
1242 2397 1300 2441 nec
1316 2375 1486 2440 dubitamus

286 2485 449 2570 praecipue
460 2483 590 2550 Ordines
607 2483 886 2551 Generalesmedia
899 2486 1089 2571 quaesituros
1106 2490 1138 2551 ut
1152 2485 1395 2569 Negotiationem
1410 2484 1487 2547 banc

286 2591 542 2677 Propositionibus
557 2591 746 2658 Mediationis
768 2593 806 2659 ad
822 2595 925 2659 llulam
940 2596 1162 2662 Wiennensem
1183 2600 1215 2659 et
1235 2593 1328 2676 varijs
1343 2591 1442 2657 modis
1457 2593 1488 2655 in

286 2702 369 2767 bivio
386 2707 509 2767 teneant
523 2709 613 2788 prout
629 2703 667 2767 de
684 2703 764 2768 factu
788 2725 908 2791 quoque
923 2706 1080 2791 Responsa
1095 2701 1320 2788 Kbrtvelyessio
1345 2703 1377 2766 in
1392 2703 1488 2766 bscce

286 2811 412 2876 materia
419 2809 486 2876 data
495 2813 557 2896 jam
569 2813 601 2874 in
611 2812 690 2876 hune
702 2811 792 2876 linem
803 2814 931 2878 tendere
939 2815 1013 2878 satis
1021 2812 1290 2879 animadvertimus.
1305 2811 1488 2895 Quiatamen

288 2918 387 2984 letalis
403 2920 554 2984 Bellorum
570 2920 716 2986 Periodus
732 2921 897 2987 infortunia
919 2927 1021 2988 nosba
1043 2922 1192 2987 reducere
1215 2919 1295 2984 relle
1315 2917 1437 2984 videtur
1457 2924 1488 2983 et

289 3048 344 3092 nos
368 3027 471 3093 dietim
493 3028 673 3094 arctioribus
701 3029 845 3094 malorum
866 3031 989 3114 stringit
1014 3031 1159 3104 Circulis,
1186 3027 1303 3114 pridem
1324 3033 1486 3092 noscentes

288 3136 389 3200 verbis
406 3144 438 3202 et
447 3138 605 3204 Promissis
621 3158 676 3204 nos
692 3138 814 3203 minime
829 3137 948 3222 adjutos
964 3139 1012 3212 iri,
1030 3161 1089 3205 non
1105 3138 1272 3204 dubitamus
1287 3135 1412 3201 Alliatos
1424 3137 1486 3218 jam

288 3249 351 3310 tum
373 3245 572 3312 Difficultates
594 3247 805 3312 considerasse
832 3252 865 3311 et
891 3247 989 3311 media
1017 3246 1207 3311 adinvenisse
1233 3244 1271 3309 ad
1298 3245 1486 3310 edectuanda

289 3353 377 3420 nobis
393 3353 461 3418 data
475 3355 626 3420 Psomissa
647 3354 717 3420 dum
728 3361 983 3440 praememoratas
999 3377 1069 3420 snas
1085 3353 1172 3420 nobis
1189 3353 1338 3418 dederunt
1353 3353 1486 3417 dsscen-

289 3461 433 3534 rationes,
441 3463 547 3548 quibus
554 3462 661 3528 conlisi
672 3464 840 3552 interrupta
846 3465 1058 3549 Negotiatione
1064 3462 1194 3527 Turcica
1205 3482 1273 3526 sors
1285 3467 1486 3526 nostraasae-

288 3569 457 3652 pelatorum
470 3573 725 3638 assecurationum
739 3573 925 3640 Executione
938 3571 1101 3659 dependet,
1108 3569 1314 3655 adurgendum
1325 3572 1429 3656 itaque
1440 3577 1488 3635 est

379 3677 537 3761 Quarto,
556 3682 596 3746 Ul
619 3680 696 3746 datis
713 3687 772 3746 tam
789 3681 978 3747 evidentibus
994 3681 1089 3764 signis
1107 3679 1295 3745 sinceritatis
1310 3679 1441 3744 Nostrae
1456 3684 1488 3744 et

289 3783 504 3860 Confidentiae,
523 3809 610 3874 quam
625 3791 657 3854 in
672 3789 784 3855 Eorum
799 3789 958 3874 promissis
973 3788 1134 3854 stabilitam
1149 3807 1220 3852 esse
1235 3787 1398 3859 voluimus,
1416 3808 1486 3872 spes

291 3913 411 3979 quoque
434 3901 537 3961 nostra
558 3897 637 3962 baud
659 3898 838 3972 frustretur,
859 3898 979 3963 aliunde
995 3902 1027 3962 et
1042 3917 1144 3962 coram
1159 3916 1300 3980 supremo
1316 3895 1486 3981 Principum

288 4001 397 4068 ludioe
418 4003 463 4068 Jis
485 4003 524 4068 de
546 4007 694 4070 austriaca
715 4011 889 4090 grassatura
903 4005 1055 4091 Tyranide
1070 4003 1316 4090 respondendum
1332 4006 1408 4078 erit,
1431 4003 1486 4088 Qui

289 4131 345 4176 nus
358 4111 481 4194 juvandi
497 4118 636 4178 avocatus
651 4113 757 4179 Eidem
773 4114 952 4198 subjicient,
969 4113 1055 4197 Quod
1071 4114 1097 4177 si
1113 4111 1241 4197 proinde

381 4221 531 4303 Quinto,
554 4221 698 4287 Politicae
719 4223 862 4288 Redones
884 4243 938 4288 nos
958 4221 1081 4305 juvandi
1103 4227 1134 4286 et
1157 4241 1266 4286 causae
1286 4225 1347 4285 tam
1370 4221 1484 4305 amplae

289 4327 437 4392 deductae
459 4335 506 4395 sal
527 4331 642 4396 validae
670 4351 729 4396 non
752 4337 857 4396 essent
880 4336 913 4396 ot
935 4331 1139 4396 conscientiae
1167 4329 1353 4411 argumentis
1377 4328 1485 4412 stringi

288 4435 402 4502 debent
418 4438 454 4502 ad
471 4439 632 4504 eruendam
645 4439 774 4504 Gentem
790 4460 808 4502 e
824 4439 960 4504 faucibus
972 4439 1035 4504 Nos
1051 4437 1279 4524 deglutientium
1295 4443 1327 4502 et
1339 4436 1377 4500 ad
1388 4436 1483 4501 Inter-

289 4546 446 4611 neeionem
461 4547 523 4611 Nos
539 4547 758 4631 quaerentium,
774 4547 885 4612 deduci
899 4552 1060 4632 praeterea
1075 4547 1126 4611 hic
1141 4545 1255 4611 debent
