3117 5084
1196 333 1273 406 335

68 505 182 570 dirent
203 507 231 569 te
255 506 422 572 tendernain
446 506 520 568 dans
537 507 566 568 te
581 504 937 587 oonserenoe'generaie.
971 507 1031 570 Les
1043 507 1174 572 iraneois
1190 507 1276 571 s'ex-

70 618 226 676 cusercnt
243 612 282 676 de
302 613 376 676 n'en
389 613 514 696 pouvoir
525 613 590 676 rien
607 612 683 676 taire
698 613 725 674 si
740 633 800 676 non
816 613 947 676 d'ecrire
963 633 980 676 a
996 614 1023 677 ia
1038 633 1122 687 cour,
1140 614 1178 678 de
1194 619 1277 679 sorte

69 719 148 805 qv'il
174 742 213 785 ne
234 719 281 806 s'y
302 727 348 785 est
369 723 436 786 rien
457 723 548 805 passe
572 722 610 785 de
631 723 699 806 plus
716 721 926 787 considerable
942 724 970 786 si
985 743 1046 787 non
1060 742 1102 786 un
1116 725 1279 808 expedient

68 829 211 913 proposui
227 848 283 911 par
297 829 327 891 le
340 829 445 893 Comte
457 828 558 893 nasei
573 849 650 912 pour
666 830 742 893 seire
758 834 903 914 acceptor
917 850 973 913 par
987 828 1228 896 l'anrhassadeur
1239 831 1278 896 de

68 937 221 1018 Portugai
242 937 288 998 ies
310 941 485 1019 passeports
508 936 549 1001 du
569 956 624 1018 roy
645 941 710 1000 tres
733 936 871 1000 chretien
892 956 969 1019 pour
989 937 1036 1000 les
1061 938 1212 1001 courriers
1228 938 1278 1022 qvi

69 1045 202 1109 doivent
218 1044 293 1108 alter
308 1044 500 1108 aLishonne.
529 1042 786 1108 L'ambassadeur
796 1045 950 1128 portugais
962 1048 1036 1127 peut
1046 1051 1190 1130 acceptor
1201 1065 1278 1128 pour

69 1153 91 1218 o
110 1153 268 1215 semaines
283 1151 389 1216 iesdits
404 1156 579 1236 passeports
595 1172 665 1215 sans
681 1157 786 1216 entrer
802 1172 841 1215 en
857 1153 1072 1216 oonnoissance
1087 1151 1126 1216 de
1138 1173 1175 1216 ce
1187 1151 1278 1237 qv’on

69 1281 90 1344 y
111 1279 231 1344 pourra
252 1259 370 1341 ajouter
391 1279 429 1322 en
453 1259 611 1344 Espagne,
633 1265 665 1324 et
688 1259 785 1346 qv'en
805 1260 960 1324 attendant
983 1262 1027 1324 les
1042 1261 1187 1325 Francois
1206 1281 1278 1345 pro·

69 1371 209 1458 mettent
225 1366 271 1454 qv*
280 1388 319 1431 on
333 1365 383 1448 n'y
398 1372 507 1430 mettra
523 1369 589 1431 rien
607 1367 645 1432 du
662 1369 815 1432 contraire
831 1388 868 1430 au
885 1367 968 1431 desir
984 1367 1037 1430 des
1054 1369 1155 1440 altico,
1182 1388 1239 1452 qve
1256 1370 1276 1433 o

70 1476 231 1539 semaines
253 1475 443 1566 eclairciront
465 1476 530 1540 oeta
554 1480 585 1538 et
609 1473 698 1562 qr'en
722 1495 773 1538 cas
796 1495 854 1560 qve
869 1477 899 1539 la
912 1475 1065 1558 Protogail
1081 1495 1121 1538 ne
1142 1475 1202 1540 soit
1223 1495 1278 1558 pas

71 1586 206 1647 content
226 1581 265 1647 de
287 1601 322 1646 ce
344 1583 438 1666 qv’on
461 1584 596 1665 ajoutera
618 1584 736 1667 quoles
753 1589 927 1667 passeports
944 1584 1277 1648 cesserontmutuelle·

72 1695 174 1755 ment.
201 1691 249 1755 On
261 1691 324 1754 tien
337 1710 373 1754 oe
385 1689 457 1753 roidi
467 1711 526 1754 une
539 1692 723 1756 conterence
734 1691 878 1773 generale
896 1711 967 1756 sans
985 1691 1078 1757 doute
1094 1710 1147 1756 sur
1158 1691 1187 1754 le
1199 1690 1279 1773 sajet

72 1798 131 1864 des
148 1817 299 1883 reponses
315 1819 332 1862 a
348 1798 422 1862 faire
439 1817 495 1881 par
510 1800 596 1864 ecrit.
616 1799 656 1886 ¹L'
664 1819 779 1884 oreque
798 1798 837 1863 de
854 1799 976 1871 Bristot‚
994 1799 1103 1863 idilord
1118 1797 1277 1870 Stratiord,

72 1907 121 1970 tes
138 1905 422 1991 plenipotentiaires
443 1904 482 1968 de
497 1905 625 1978 Prusse,
649 1903 850 1978 d‘Hollande,
874 1903 913 1968 de
929 1905 1025 1976 Saxo,
1048 1902 1087 1967 de
1102 1905 1200 1968 Hesse
1216 1907 1276 1970 etc

73 2018 296 2098 presentes-ent
317 2014 543 2079 dorniereroent
563 2035 602 2079 an
617 2013 723 2079 Cornto
739 2014 777 2078 do
794 2014 988 2078 Zinzendorti
1000 2033 1040 2078 en
1055 2031 1146 2096 corps
1160 2012 1189 2076 la
1204 2031 1278 2097 pro-

74 2123 213 2206 position
236 2122 379 2186 touchant
404 2119 577 2187 1’aoolition
597 2121 637 2187 du
654 2118 686 2186 4.
703 2123 810 2187 article
826 2123 865 2186 do
879 2121 1021 2187 Risniok.
1052 2120 1161 2184 Milord
1177 2120 1277 2186 snat-

75 2230 146 2294 iord
168 2249 191 2312 y
214 2251 231 2292 a
253 2229 337 2312 parte
358 2249 432 2294 areo
452 2248 493 2294 un
513 2230 579 2294 nete
601 2228 694 2312 digne
719 2229 798 2294 d'ua
820 2230 958 2294 ehrstien
979 2229 1018 2292 de
1039 2247 1094 2292 son
1109 2234 1275 2294 cunctere.
1389 2310 1392 2314 Α

74 2338 134 2402 ur.
148 2338 191 2402 de
202 2335 396 2400 Zinzendorti
407 2355 423 2399 a
439 2337 551 2418 promis
568 2335 607 2399 de
622 2335 774 2420 repondre
789 2337 880 2420 apres
896 2335 966 2419 qv'ii
982 2355 1053 2398 aura
1066 2336 1192 2400 contere
1204 2356 1278 2404 areo

77 2446 123 2510 les
139 2445 295 2509 ministres
307 2442 362 2507 des
378 2443 500 2528 princes
517 2443 682 2526 catoliqves
699 2442 737 2506 de
753 2440 898 2525 l'empiro
913 2442 963 2527 qvi
979 2443 1044 2505 sont
1058 2442 1109 2506 ici.
1140 2442 1276 2507 Madame

76 2553 278 2637 d'Aprernont
292 2570 341 2614 mo
356 2550 426 2614 vien
442 2549 471 2614 d'
482 2550 579 2614 conire
597 2549 644 2633 qr'
654 2550 712 2614 elle
729 2550 878 2615 sochaitte
893 2549 1140 2633 passionnement
1157 2549 1196 2612 do
1207 2569 1277 2614 sca·

77 2662 145 2725 roir
160 2657 183 2723 l’
191 2663 253 2723 etat
269 2659 307 2720 de
322 2678 376 2722 ros
393 2659 512 2721 affaires
529 2678 586 2741 qve
602 2658 628 2720 si
647 2658 682 2740 je
703 2658 732 2722 la
753 2663 825 2722 veut
849 2658 1000 2722 satisfaire
1024 2657 1082 2720 ello
1102 2654 1278 2721 m'enrerra

78 2787 119 2832 un
135 2785 249 2850 expres
263 2765 303 2828 de
316 2765 459 2848 Cotogno‚
478 2765 591 2850 qr'eila
607 2765 652 2829 ira
668 2766 724 2829 aia
740 2763 822 2830 dieto
838 2764 1009 2848 d'Hongrie
1024 2769 1057 2828 et
1073 2763 1189 2847 qr’elle
1201 2785 1276 2828 rous

78 2875 221 2942 roudroit
235 2874 334 2939 servir
348 2875 387 2938 do
403 2879 468 2940 tout
483 2895 538 2938 son
552 2874 690 2957 pouvoir,
711 2877 743 2938 et
759 2871 874 2958 qr'olte
889 2873 1027 2938 attendra
1041 2892 1096 2937 vos
1111 2872 1275 2936 nouvelles.

78 2982 116 3048 Je
133 2982 188 3065 n'y
199 3001 323 3049 scauros
335 2981 486 3065 repondro
499 3002 568 3045 sans
581 2981 636 3044 des
650 2981 756 3046 ordros
769 3001 879 3064 expres
892 2980 930 3044 de
941 2980 976 3044 V.
990 2981 1024 3044 rt
1036 2980 1071 3044 S.
1086 2979 1126 3046 de
1141 2981 1204 3046 suis
1215 2985 1275 3044 etc.

646 3211 719 3277 180.

221 3358 446 3427 Schreiben
467 3358 534 3424 des
557 3356 664 3421 nobo
687 3357 866 3419 Brenner
889 3377 933 3418 sn
956 3357 1144 3420 Klement.

451 3484 589 3550 Lutetiae
608 3481 660 3547 1o.
676 3482 789 3566 Aprilis
807 3481 905 3546 1712.

237 3648 489 3715 Peenameus
506 3646 664 3709 Genorooc
676 3642 812 3707 Domine
822 3642 903 3707 miti
919 3643 1234 3708 Observandisco‘mc!

174 3775 242 3840 Non
266 3772 352 3857 capio
376 3769 447 3854 quid
470 3770 502 3832 in
525 3787 613 3832 eausa
637 3785 706 3829 esse
727 3767 838 3850 possit,
866 3766 947 3850 quod
967 3767 1063 3831 nullas
1085 3767 1102 3831 d
1123 3766 1157 3831 P.
1179 3768 1217 3831 D.
1240 3767 1275 3833 V.

84 3883 226 3968 accipiam
237 3881 364 3946 litteras.
388 3879 510 3942 Placeat
521 3875 617 3939 haece
629 3894 716 3959 quarn
732 3873 861 3939 indicari
877 3874 1037 3938 occasione
1054 3873 1151 3938 medio
1168 3895 1276 3959 nempe

85 3987 201 4054 Domini
218 3991 342 4054 Cossart
357 3981 648 4052 Arnsterodarnensis
665 3983 724 4055 uti,
747 3984 833 4066 cujus
854 3983 973 4046 litterae
995 3984 1061 4046 sine
1077 3983 1138 4048 uilo
1153 3984 1277 4067 negotio

86 4097 120 4160 ad
135 4117 183 4162 nne
200 4099 286 4161 recta
300 4093 491 4178 perueniunt,
506 4111 555 4154 me
572 4089 746 4154 commendo
763 4088 885 4154 affectui
901 4093 933 4154 et
948 4109 1111 4174 permaneo

290 4219 474 4285 Periilustris
490 4237 525 4282 ac
542 4217 700 4281 Generosa
716 4215 934 4280 Dominationis
950 4215 1078 4280 Vestrae

638 4421 641 4430 .
778 4339 998 4405 addictissimus
1017 4358 1124 4404 servus

733 4467 930 4549 Praepositae
946 4464 1170 4547 Scepusiensis.
