3117 5084
1177 330 1252 403 167

63 509 212 592 Hispanias
227 513 278 573 aut
293 506 427 573 Rhenum
443 507 565 571 mittere
581 506 677 590 possit
688 508 801 592 eopias.
827 488 947 572 Detexit
958 506 1030 571 milri
1043 506 1103 571 boe
1119 507 1257 571 minister

65 620 141 702 regis
156 617 292 683 dominus
306 618 392 699 ligem
408 635 456 678 me
472 616 618 699 rogando,
635 621 668 682 ut
679 618 712 681 S.
726 618 761 682 V.
780 616 967 702 perscribam
993 624 1025 680 ut
1041 618 1087 681 vel
1111 615 1147 679 ad
1170 616 1258 681 mini-

65 747 138 790 mum
157 727 319 792 modernas
341 730 503 809 expectare
524 724 668 808 dignetur
688 726 854 791 alliatorum
875 724 1091 797 resolutiones,
1113 724 1260 811 siquidem

65 837 133 900 satis
147 856 271 920 semper
290 834 437 919 temporis
458 834 591 899 sutorum
612 835 652 900 sit
673 836 845 920 praescissa
867 836 947 899 omni
968 834 1184 919 paeiiieationis
1206 852 1260 918 spe

67 963 129 1007 eum
147 944 256 1008 Tureis
276 964 311 1007 se
334 943 550 1026 coniungendi.
588 944 721 1027 lloposui
741 964 790 1007 me
813 943 943 1007 eredere
967 962 1027 1008 non
1048 962 1157 1027 posse,
1183 941 1260 1028 qood

67 1053 98 1117 S.
112 1052 146 1117 V.
164 1052 275 1136 uliqrid
292 1072 360 1118 omn
375 1052 485 1116 'lurein
500 1058 603 1117 aotura
619 1055 676 1127 sit,
698 1072 767 1117 eum
784 1053 874 1117 aliter
888 1072 945 1138 per
960 1072 1009 1115 me
1024 1054 1141 1117 alliatos
1157 1052 1216 1116 hoe
1233 1052 1262 1115 in

67 1180 151 1244 passu
166 1161 321 1225 informari
337 1166 434 1233 enret,
451 1162 546 1225 aulam
565 1163 784 1229 Wiennensem
799 1163 876 1226 haee
891 1160 960 1225 ideo
976 1161 1040 1225 sors
1057 1162 1150 1225 solum
1175 1180 1264 1245 spar-

68 1287 137 1349 gere
153 1277 186 1334 ut
201 1270 368 1334 elliatorum
383 1270 517 1334 humeris
533 1290 609 1334 onus
625 1270 699 1335 belli
713 1269 892 1354 portandum
907 1270 1057 1354 relinquat
1073 1276 1105 1335 et
1116 1271 1141 1333 si
1153 1271 1264 1334 nullum

68 1377 140 1442 aliud
167 1386 348 1461 superesset
374 1384 583 1462 argumentum
610 1379 648 1444 ad
675 1378 918 1464 persvauendnm
946 1380 1063 1445 alliatos
1085 1380 1115 1443 S.
1138 1380 1173 1443 V.
1198 1398 1264 1443 eum

69 1486 171 1549 'iureis
185 1486 262 1550 nibil
279 1485 463 1551 eonelodere
478 1488 574 1560 velle,
590 1487 705 1552 habere
720 1508 770 1551 me
785 1508 876 1553 unum
891 1490 921 1551 in
937 1487 1072 1551 manibus
1089 1486 1166 1571 qood
1184 1487 1267 1551 olore

71 1593 214 1658 sineeram
224 1594 445 1661 declaraturum
455 1597 578 1662 essetS.
586 1597 620 1661 V.
631 1617 705 1681 erga
713 1597 832 1661 alliatos
840 1602 970 1661 mentem
980 1600 1012 1660 et
1023 1598 1267 1680 propensionem,

72 1702 203 1768 nimirum
219 1704 346 1768 eandem
361 1705 433 1769 milri
444 1705 660 1789 benignissime
672 1708 863 1771 commisisse
876 1711 908 1771 ut
920 1707 978 1769 imo
992 1725 1047 1769 suo
1060 1712 1092 1769 et
1103 1726 1187 1770 suam
1201 1726 1269 1769 sor-

72 1817 127 1875 tem
139 1816 225 1897 sequi
239 1815 401 1879 volentium
414 1814 572 1902 (nomine)
582 1816 613 1879 in
626 1836 727 1881 essum
744 1817 929 1901 expulsionis
943 1836 980 1879 ex
992 1833 1089 1897 regno
1100 1814 1269 1897 ilungariae

72 1922 143 2003 apud
155 1922 347 2006 Maiestatem
360 1924 528 1988 Prossieam
544 1944 600 2007 pro
616 1925 711 1989 libera
726 1930 757 1988 in
769 1926 889 1989 Prnssie
905 1923 1117 2007 permansione
1132 1927 1164 1986 et
1179 1941 1270 1985 seeo-

73 2030 155 2094 ritete
171 2030 278 2095 debite
293 2032 418 2104 instem,
439 2052 489 2096 me
505 2052 581 2115 ergo
597 2033 629 2096 id
644 2033 858 2116 praesentibus
882 2032 986 2098 iacere
1004 2037 1037 2096 et
1059 2030 1208 2095 dominum
1233 2030 1271 2093 de

71 2138 150 2222 liger
164 2160 279 2223 rogare
295 2147 328 2205 nt
342 2142 463 2205 solitum
479 2162 553 2226 erga
570 2144 603 2208 S.
620 2143 657 2209 V.
674 2143 814 2209 allectum
831 2144 920 2207 etiam
938 2143 967 2205 in
988 2143 1047 2206 lroe
1071 2160 1143 2205 easu
1166 2145 1272 2204 osten-

74 2246 144 2311 dere
158 2249 242 2312 baud
255 2262 409 2331 gravetur.
441 2251 610 2335 Respondit
623 2272 658 2316 se
675 2252 773 2316 omnia
797 2271 854 2337 pro
876 2270 968 2335 posse
990 2256 1126 2315 sotorum
1151 2255 1182 2312 et
1205 2250 1272 2331 regi

75 2358 294 2441 propositumm
315 2366 385 2443 post
404 2361 516 2445 aliquot
537 2361 604 2425 dies
625 2365 792 2427 eutrsotum
814 2362 916 2446 puncti
938 2360 1035 2433 illius,
1058 2360 1089 2423 in
1111 2380 1169 2443 qvo
1185 2358 1218 2422 S.
1236 2360 1271 2423 V.

7 2473 8 2512 3
75 2468 294 2548 promotionem
310 2470 510 2552 qraerendum
525 2472 691 2543 commisit,
712 2472 802 2554 petiit
826 2475 857 2534 et
879 2470 993 2553 regiam
1015 2470 1087 2533 mibi
1109 2468 1273 2553 superinde

7 2585 8 2588 ’
75 2574 387 2642 affirmatiremretulit
395 2574 620 2652 resolutionem,
629 2585 734 2663 grates
747 2578 867 2663 agendo
880 2579 974 2643 institi
986 2584 1019 2643 ut
1031 2598 1097 2642 eam
1109 2580 1275 2662 seriptote-

76 2686 206 2750 ausmibi
218 2687 369 2751 extradari
377 2685 499 2770 jubeam
512 2694 582 2773 post
591 2690 690 2755 varias
701 2688 895 2754 diffieultatos
908 2692 939 2753 et
950 2707 1033 2752 meas
1045 2687 1277 2751 remonstratio-

76 2814 128 2858 nes
139 2796 261 2878 rogarit
271 2815 320 2859 me
330 2801 365 2860 ut
376 2796 443 2879 ipse
455 2798 625 2880 projectum
638 2800 745 2865 iaoiam
761 2805 795 2863 et
809 2796 935 2869 tradam,
948 2815 1005 2860 neo
1017 2801 1150 2861 moratus
1163 2816 1228 2860 sum
1245 2802 1277 2859 et

7 2909 8 2912 ’
76 2902 105 2967 id
118 2904 215 2969 ultera
231 2903 282 2967 die
298 2904 399 2969 eidem
413 2924 483 2969 mox
498 2906 618 2972 exhibui
634 2908 685 2973 ubi
700 2909 727 2972 is
744 2926 851 2991 regem
869 2905 987 2990 qridem
1003 2905 1111 2969 iterum
1128 2904 1277 2969 extraduri

7 2997 8 3004 ἵ
76 3012 240 3078 resolvisse
255 3015 401 3088 asserunt,
417 3016 460 3080 its
475 3021 574 3080 temen
589 3022 624 3081 ut
638 3018 670 3081 in
685 3036 791 3081 manos
807 3015 891 3080 tertii
912 3014 1089 3098 deponatur,
1122 3014 1178 3077 list
1200 3032 1276 3095 ergo

76 3120 104 3185 io
122 3123 263 3187 manibus
283 3124 395 3189 domini
414 3124 572 3190 deblooslxi
595 3132 629 3190 et
648 3128 735 3211 eopiu
758 3126 825 3208 eius
846 3123 896 3188 hie
919 3124 1082 3207 reperitur.
1115 3119 1277 3185 'lradeudo

76 3249 140 3295 mm
152 3234 240 3298 nobis
263 3236 402 3319 exposuit
412 3235 596 3318 ligenSuam
607 3236 797 3321 Maiestatem
816 3234 853 3299 ud
867 3230 1092 3299 conmutandum
1105 3230 1278 3295 sunm-elle-

77 3344 153 3405 otnm
169 3342 212 3406 ite
234 3346 267 3405 nt
284 3345 485 3427 projeetetum
499 3345 556 3411 tuit
572 3346 707 3429 expediri
723 3364 865 3417 rumese3
883 3343 965 3407 seire
981 3340 1099 3427 quidem
1116 3339 1276 3404 Caesarem

77 3446 132 3513 boe
146 3452 227 3515 male
242 3452 386 3525 luteorum
403 3472 509 3537 regom
520 3463 622 3519 tamen
637 3454 668 3519 id
684 3476 745 3520 non
760 3456 857 3519 solum
874 3453 912 3517 oh
929 3456 1083 3535 reeeptem
1100 3454 1278 3533 pergentes

77 3554 298 3630 inmanitatem
314 3561 369 3625 sed
385 3565 418 3625 et
433 3562 472 3626 ob
488 3564 652 3645 speoialom
670 3584 726 3647 qva
743 3580 816 3645 erga
833 3564 868 3627 S.
881 3561 918 3626 V.
934 3560 1031 3625 fertur
1046 3558 1278 3644 propensionem

78 3665 150 3731 inid
166 3670 374 3742 eonsensisse,
390 3671 464 3735 lieet
479 3670 601 3735 sineere
611 3677 730 3748 voveat,
746 3676 781 3736 ut
795 3671 874 3737 iaetu
890 3689 966 3755 pace
982 3670 1015 3734 S.
1028 3670 1063 3733 V.
1081 3668 1112 3731 in
1128 3667 1279 3748 ilungaria

79 3784 233 3843 remaneat
244 3798 281 3842 ee
296 3778 367 3843 inde
382 3780 473 3843 etiarn
489 3781 647 3844 amieitiam
662 3799 737 3864 erga
748 3799 833 3845 suam
843 3780 1033 3860 llajestatem
1049 3777 1220 3849 continuem
1237 3774 1281 3839 sie

80 3891 199 3965 praeter
214 3906 333 3951 omnem
349 3908 435 3973 spem
446 3888 583 3953 dominus
598 3910 627 3952 u.
640 3888 810 3961 iablonski,
827 3908 866 3952 ne
882 3888 1033 3973 repulsam
1048 3889 1232 3969 pateremur,
1249 3887 1282 3946 ut

80 4013 135 4057 oon
150 4000 338 4080 proponatur
352 3998 516 4071 suadebam
532 3997 609 4061 haee
624 3997 756 4062 ielioiter
770 3998 897 4062 obtinui.
929 3994 1106 4059 Premebam
1131 3992 1281 4056 dounnum

80 4099 117 4164 de
136 4104 222 4186 ligeu
243 4104 282 4168 ad
303 4106 436 4169 eelerem
466 4107 698 4178 resolutionem,
726 4107 863 4191 inprimis
885 4106 1033 4169 relatione
1055 4102 1088 4166 S.
1112 4101 1148 4164 V.
1171 4100 1243 4163 elias
1265 4118 1282 4161 e

82 4208 171 4276 Csaro
193 4212 233 4276 de
247 4212 394 4279 biffandia
415 4212 530 4279 babere
545 4216 780 4299 propositiones.
812 4216 914 4283 liebus
936 4212 980 4277 sie
996 4208 1145 4275 stantibus
1161 4206 1284 4269 deside·

82 4318 163 4387 nbat
190 4321 256 4385 aula
282 4344 300 4385 a
325 4344 375 4386 me
402 4323 498 4388 liutem
530 4324 657 4409 aliquam
684 4344 790 4391 eorum
821 4325 871 4409 rpm'
901 4343 936 4387 se
967 4320 1107 4402 recipere
1134 4314 1285 4379 voluerint

84 4427 252 4502 exhibeam
269 4450 335 4495 eem
351 4450 495 4497 recusare
512 4454 573 4498 non
588 4435 690 4519 potui,
711 4433 768 4497 sed
790 4440 982 4518 praesentem
1003 4424 1133 4498 tradffli,
1160 4424 1285 4496 addens,

7 4617 8 4630 ἵ
83 4555 129 4601 me
142 4538 211 4603 lere
225 4539 264 4604 ab
278 4540 326 4605 bis
341 4542 479 4607 omnibus
494 4543 662 4616 audivisse,
685 4542 810 4607 eosdem
827 4541 948 4607 exulare
964 4536 1055 4603 selle.
1093 4534 1179 4599 Nune
1202 4532 1285 4614 regis
