3117 5084
1186 344 1257 417 tor

40 524 176 604 posset
191 517 342 604 praestitis
360 517 443 582 nobis
458 519 572 582 auxiliis
588 542 622 585 se
638 541 694 585 nee
711 523 739 584 in
752 523 866 585 Bellum
878 522 1065 605 Europaeum
1077 523 1262 604 ingestorum

44 647 125 690 nee
143 647 211 690 rem
227 628 334 692 alliatis
350 629 528 692 contrariam
544 628 689 693 facturum
705 631 752 696 uel
775 632 902 694 maxime
925 632 950 693 si
967 630 992 692 is
1004 651 1127 715 quoque
1143 651 1159 692 a
1175 635 1261 713 parte

49 741 175 800 mostra
198 735 384 800 sufficienter
406 739 572 800 assecurari
594 743 718 822 possent
741 759 796 802 nos
821 759 939 823 quoque
962 739 1125 824 praedictis
1148 739 1262 802 auxiliis

47 846 192 908 nonnisi
222 846 251 908 in
278 847 505 912 Restitutionem
535 848 681 912 libertatis
708 869 816 912 usuros
844 850 976 933 quamuis
1003 849 1082 913 enim
1110 850 1261 932 praefatus

51 955 355 1038 Plenipotentierius
372 957 500 1022 Czareus
523 957 554 1020 in
576 959 743 1024 comissis
760 957 886 1030 habeat,
913 963 946 1021 ut
969 979 1023 1021 nos
1050 958 1165 1022 alliatos
1193 978 1261 1020 esse

56 1064 185 1128 domini
207 1066 254 1129 sui
277 1065 411 1129 declaret
432 1070 464 1129 et
485 1066 695 1131 mediationem
711 1087 795 1130 suam
811 1086 929 1150 quoquo
945 1067 1032 1132 modo
1048 1072 1171 1150 praeter
1185 1067 1261 1130 Belli

57 1173 305 1238 declarationem
328 1175 477 1259 acceptari
501 1176 591 1240 faeiat
610 1176 646 1240 ab
664 1177 728 1240 aula
745 1176 786 1242 W
789 1176 926 1240 ieuneusi
941 1177 1056 1240 titulum
1071 1175 1261 1259 imperatoris

60 1283 274 1365 augustissimi
298 1289 328 1347 et
352 1284 452 1348 fratris
476 1285 677 1367 praetendere
701 1289 733 1348 et
755 1285 787 1347 in
806 1304 907 1348 casum
923 1284 1039 1367 repudii
1056 1284 1151 1346 aulam
1167 1284 1260 1346 relin-

67 1411 168 1476 quere
190 1393 237 1456 xix
260 1397 359 1456 tamen
382 1392 461 1478 apud
483 1394 557 1458 illud
573 1394 642 1458 elati
659 1393 748 1458 animi
764 1393 898 1458 ethonis
914 1395 1024 1457 nostris
1041 1394 1156 1456 inhians
1171 1393 1260 1456 mini-

63 1502 196 1565 sterium
212 1521 280 1565 eum
295 1501 366 1585 quid
382 1503 609 1568 affectuaturum
625 1503 774 1568 eredimus
792 1508 823 1567 et
839 1503 970 1587 quamvis
986 1503 1024 1566 de
1042 1523 1116 1566 nevo
1136 1503 1260 1568 modali-

61 1615 149 1674 tates
170 1616 218 1674 sat
239 1609 386 1695 proficuas
410 1633 569 1697 personam
586 1619 717 1678 nostram
732 1613 911 1696 protegendi
928 1611 1042 1697 absque
1058 1612 1259 1676 declaratione

62 1721 241 1785 hostilitatis
265 1723 349 1786 aulae
370 1724 579 1788 moseoriticae
594 1725 794 1795 insinuamus,
824 1724 973 1808 expeditio
994 1728 1093 1786 tamen
1115 1723 1259 1786 maritima

66 1851 159 1914 mam
188 1829 315 1895 Gnarum
346 1832 377 1896 in
405 1852 535 1916 persona
563 1839 770 1918 suscepturum
794 1831 929 1896 creditur
950 1851 1092 1895 summam
1114 1851 1259 1894 remoram

64 1941 259 2022 negotiorum
281 1947 449 2006 nostrorum
473 1943 615 2008 causabit.
659 1943 817 2007 Tractatus
841 1961 929 2026 quem
953 1960 1020 2004 cum
1043 1939 1100 2004 hoe
1122 1941 1259 2024 Principe

63 2051 207 2114 inivimus
222 2055 386 2115 extractum
401 2053 431 2114 iu
448 2057 589 2137 quantum
604 2073 659 2136 pro
676 2072 710 2115 re
726 2057 828 2115 nostra
843 2050 1005 2114 iudicamus
1025 2050 1259 2118 transmittimus,

67 2179 160 2244 quem
175 2163 277 2223 tamen
292 2161 387 2224 adhoc
402 2182 498 2246 usque
514 2168 631 2246 tempus
648 2162 798 2226 oecultum
818 2181 887 2224 esse
904 2159 1078 2224 desiderans
1094 2159 1205 2223 Crarus
1222 2159 1259 2222 ab

66 2270 182 2334 exteris
204 2270 391 2354 Principibus
414 2271 486 2336 sciri
508 2292 569 2336 non
590 2271 702 2356 potuit,
726 2270 848 2334 utamini
872 2268 997 2354 proinde
1020 2288 1056 2331 eo
1072 2269 1102 2331 iu
1120 2274 1258 2352 quantum

67 2380 256 2443 conueniens
278 2401 348 2444 esse
371 2381 586 2465 judicaveritis.
631 2380 716 2463 Quod
740 2379 858 2444 demum
881 2379 1070 2463 operationes
1094 2382 1126 2441 et
1151 2382 1258 2441 statum

68 2487 143 2550 Belli
160 2487 356 2552 intrinsecum
379 2491 485 2554 attinet
508 2491 533 2553 is
556 2489 604 2556 uix
625 2489 736 2574 aliquid
753 2487 790 2552 ab
806 2488 914 2557 ultimis
931 2488 1025 2551 literis
1042 2507 1098 2570 per
1112 2486 1259 2550 locumte-

68 2601 193 2659 nentem
221 2601 353 2660 nostrum
382 2596 465 2662 vobis
492 2597 674 2662 transmissis
700 2599 869 2661 immutatus
894 2601 957 2670 est,
981 2595 1138 2660 Exercitus
1158 2600 1261 2658 noster

69 2704 300 2768 Zolnohiensem
316 2711 464 2770 restaurat
487 2727 604 2778 arcem,
622 2706 762 2771 Caesarei
777 2707 851 2769 Pars
866 2706 970 2769 tlurios
986 2704 1067 2789 lpoly
1083 2708 1114 2766 et
1130 2702 1259 2768 Granum

68 2815 216 2878 extructis
233 2813 316 2878 uallis
331 2816 455 2879 muniuit
471 2821 502 2882 et
518 2837 551 2879 se
567 2817 738 2880 Uivarinum
754 2820 836 2879 arcta
852 2814 1009 2880 obsidione
1025 2812 1259 2878 circumdedisse

68 2921 178 2992 credit.
186 2923 313 3005 alanus
325 2923 445 2988 sinistra
458 2925 628 2987 comitatum
637 2923 845 2986 Sarosiensem
857 2942 891 2984 se
903 2922 935 2984 in
943 2922 1120 3005 Seepusium
1131 2922 1259 2984 restrin-

68 3032 297 3113 gensdeseruit
307 3032 385 3116 quod
394 3032 817 3096 etcontinuisExcursionibus
828 3032 985 3095 lacessitus
998 3036 1029 3094 et
1039 3031 1258 3114 inopiarietua-

69 3144 137 3205 lium
151 3141 291 3205 laborans
305 3143 405 3206 lacere
419 3149 540 3207 coactus
552 3149 609 3214 est,
622 3143 700 3207 unde
712 3162 886 3226 persuasum
899 3123 1041 3204 habemus
1055 3142 1101 3204 vix
1111 3140 1259 3204 inimicum

68 3256 137 3315 ante
163 3271 292 3314 messem
315 3252 384 3336 quid
407 3256 614 3337 suscepturum
638 3251 693 3315 sub
718 3272 775 3335 quo
800 3258 936 3334 tempore
959 3255 1061 3334 sperat
1084 3270 1119 3313 se
1140 3269 1258 3332 quoque

69 3361 202 3424 Gallicas
218 3361 298 3423 vires
317 3360 354 3424 ad
369 3361 503 3425 Rhenum
520 3367 729 3443 experturum,
755 3359 861 3443 quibus
878 3359 903 3422 si
919 3358 1077 3442 impeditus
1094 3379 1153 3420 nou
1169 3357 1259 3421 suxerit

70 3467 282 3552 Expeditiones
306 3489 374 3532 suas
396 3474 457 3532 tum
486 3468 602 3532 demum
626 3468 779 3552 suscipiet.
812 3468 878 3532 Jam
895 3487 965 3530 xero
990 3467 1020 3528 in
1036 3470 1145 3530 statum
1160 3467 1257 3550 posito

71 3577 222 3640 Praesidio
246 3577 434 3642 Zolnohiensi
459 3577 556 3642 denuo
580 3583 648 3663 post
675 3577 804 3643 triduum
831 3578 1018 3660 personalem
1046 3575 1258 3658 aggrediemur

71 3685 287 3770 expeditionem
309 3708 364 3771 pro
394 3709 452 3771 quo
474 3689 632 3752 Exercitus
656 3707 775 3772 quoque
800 3690 920 3749 nostros
936 3685 1196 3749 Transtibiseauos
1220 3685 1256 3747 ad

70 3799 144 3862 latus
167 3803 299 3860 nostrum
323 3799 533 3882 assumpsimus
554 3798 592 3862 de
616 3799 699 3862 cuius
723 3801 832 3860 eventu
848 3796 972 3878 amplam
989 3816 1005 3857 a
1020 3795 1256 3859 Loeumtenente

73 3912 171 3970 nostro
188 3927 243 3970 suo
260 3913 393 3991 tempore
409 3907 557 3971 habebitis
573 3907 825 3970 informationem.
854 3905 910 3968 Pro
927 3904 1149 3967 continuatione
1165 3923 1255 3986 porro

71 4015 307 4096 Negotiatiouum
323 4015 407 4082 robis
420 4017 643 4080 commissarum
655 4015 788 4098 pericula
799 4014 942 4092 itinerum
951 4018 1119 4076 vestrorum
1134 4010 1256 4074 uberius

73 4125 295 4190 considerantes
313 4127 514 4189 necessarium
530 4147 598 4188 esse
611 4125 789 4206 judicamus,
805 4128 838 4187 ut
853 4124 883 4185 in
898 4123 963 4187 aula
980 4122 1117 4185 Prussica
1132 4120 1255 4204 ulterius

74 4253 188 4318 quoque
202 4234 345 4298 subsistat
355 4236 391 4298 ad
405 4255 499 4319 usque
512 4234 584 4298 illud
592 4235 723 4317 Tempus
736 4233 833 4296 donec
845 4236 990 4296 tractatum
1002 4231 1087 4294 Pacis
1099 4230 1256 4311 Europeae

73 4349 299 4415 reassumautur,
319 4345 354 4407 ad
372 4365 445 4428 quos
461 4365 533 4408 xero
549 4344 753 4426 Praepositum
769 4342 1001 4424 Seepusieusem
1018 4359 1074 4421 per
1089 4343 1255 4420 postremas

74 4455 169 4517 literas
192 4459 307 4518 nostras
324 4453 440 4516 abunde
456 4454 630 4518 instructum
648 4451 862 4533 delegavimus,
878 4470 914 4512 ex
931 4451 998 4530 ejus
1011 4448 1105 4530 igitur
1121 4447 1253 4511 lustrue-

74 4563 148 4626 tione
172 4563 364 4644 cognoscetis
380 4568 489 4628 tautam
514 4583 568 4626 uos
591 4563 620 4624 iu
643 4560 786 4624 fidelitate
807 4564 838 4621 et
853 4558 1003 4622 activitate
1018 4560 1118 4620 restra
1140 4555 1253 4618 babere
