3117 5084
1164 341 1240 414 125

124 519 301 584 13.1)11.
321 519 433 584 171⁰.
450 516 571 582 Paltlius
587 517 696 582 badita
717 517 810 600 Agris
831 515 989 599 ibidem}
1018 539 1126 585 saccos
1149 518 1243 583 tritici

28 633 59 693 et
81 633 120 710 ξ-
134 629 266 693 farinae
290 647 348 694 nec
376 647 435 692 uon
461 626 617 708 ingentem
647 627 842 711 quantitatem
869 628 1018 693 uariorum
1049 632 1243 712 apparatuum

28 735 221 802 bellicorum
241 737 371 821 reperit,
396 735 444 818 qui
466 735 563 798 media
579 734 652 798 dant
668 735 865 799 Caesareanis
881 755 1063 819 progressus
1079 757 1150 801 suos
1167 755 1243 800 con-

28 847 151 910 tinuare
170 849 285 910 contra
300 842 532 908 confoederatos
550 863 673 927 qaorum
689 843 823 908 conditio
845 845 876 906 iu
892 844 956 908 dies
972 846 1068 928 magis
1083 845 1137 910 liet
1151 845 1244 908 mise-

27 953 142 1026 randa,
169 953 239 1018 nisi
260 953 460 1035 cogitaverint
482 953 520 1016 de
541 952 746 1038 proponendis
770 953 856 1018 aulae
878 953 948 1018 buic
971 955 1106 1038 acceptis
1127 953 1243 1038 sibique

27 1063 227 1128 salutaribus
244 1062 475 1128 conditionibus.

126 1173 187 1236 27.
207 1174 292 1238 111.
312 1173 424 1236 1711.
455 1171 677 1255 lesquilli.
699 1170 753 1236 20.
777 1171 890 1236 mensis
914 1172 1003 1255 hujus
1030 1172 1115 1238 datas
1138 1173 1242 1238 literas

31 1282 94 1365 legi
109 1282 347 1366 propositiones
364 1283 507 1366 principis
531 1301 603 1367 quas
624 1282 726 1346 forsan
746 1287 816 1346 ante
831 1287 1009 1366 occupatum
1024 1283 1198 1348 Uiuarinum
1214 1288 1246 1347 et

34 1394 160 1475 Agrium
179 1413 291 1458 meuse
306 1393 439 1475 Augusto
457 1394 522 1456 aula
538 1396 743 1476 acceptasset,
767 1393 823 1456 sed
839 1392 942 1456 dubito
958 1413 1037 1458 nnnc
1054 1395 1152 1458 omnia
1168 1413 1245 1478 quae

33 1507 257 1588 proponuntur
272 1504 421 1576 inituram,
437 1523 548 1586 rogans
564 1503 752 1568 nibilominus
765 1503 801 1568 ld.
811 1502 847 1568 V.
860 1502 1002 1586 dignetur
1016 1504 1088 1568 mibi
1105 1503 1244 1575 credere,

36 1633 83 1677 mc
96 1634 157 1677 cen
171 1614 327 1678 libertatis
339 1613 569 1678 amantissimum
581 1618 613 1678 et
625 1614 694 1677 olim
707 1612 821 1678 duabus
832 1613 1068 1678 revolutionibus
1080 1614 1244 1677 inuolutum

39 1719 157 1806 (111111
183 1723 268 1786 enim
292 1742 309 1785 a
331 1723 441 1806 partitu
463 1721 548 1786 ducis
570 1722 608 1786 de
627 1722 802 1787 ldonmoutb
817 1728 849 1787 et
864 1727 934 1806 post
950 1723 1033 1805 regis
1049 1719 1173 1807 iacobi)
1189 1741 1244 1804 pro

38 1831 120 1895 omui
136 1851 236 1914 posse
252 1835 284 1896 et
302 1832 367 1896 zelo
380 1834 491 1914 justam
508 1831 635 1896 nationis
655 1851 774 1896 causam
785 1836 999 1916 promoturum.
1023 1830 1174 1914 indagabo
1186 1829 1245 1893 boc

41 1939 71 2000 in
84 1959 183 2022 passu
207 1941 338 2023 Eugenii
360 1945 391 2005 et
407 1946 595 2005 caeterorum
617 1941 822 2005 ministrorum
841 1947 975 2006 mentem
996 1946 1028 2005 et
1050 1941 1148 2004 omnia
1170 1959 1246 2024 quae

40 2054 172 2130 agentiu-
184 2049 222 2116 u.
236 2051 272 2115 V.
285 2049 416 2114 fideliter
428 2049 627 2134 perscribam,
644 2053 709 2116 aula
724 2071 798 2114 sane
813 2051 884 2116 binc
899 2051 1037 2114 nimirum
1051 2046 1244 2114 successibus

42 2159 102 2222 sais
114 2159 222 2224 inflata
234 2161 394 2244 Hungaros
410 2163 527 2245 spernit
543 2165 575 2226 et
591 2162 671 2226 nulla
688 2162 743 2226 alia
755 2181 807 2226 111
820 2181 906 2247 quam
918 2160 1001 2226 solus
1012 2165 1110 2224 metus
1122 2157 1245 2224 Turcici

41 2263 113 2330 belli
130 2269 366 2334 eonfoederatis
383 2289 488 2354 pacem
504 2291 669 2354 procurare
685 2271 809 2354 poterit,
827 2291 900 2354 quos
916 2269 996 2354 apud
1011 2271 1127 2334 Turcas
1139 2267 1245 2334 1111111

45 2377 204 2458 promissis
220 2379 410 2464 amplissimis
427 2399 573 2464 quaerere
589 2381 656 2444 aula
671 2380 748 2444 baec
764 2380 883 2444 omniuo
899 2379 1019 2444 asserit.

134 2487 198 2553 al.
215 2488 299 2554 111.
323 2488 418 2552 Doleo
434 2487 630 2553 uehementer
647 2488 725 2572 quod
741 2489 853 2554 nullum
868 2487 998 2552 medium
1013 2486 1064 2551 bic
1079 2505 1243 2570 superesse

47 2593 160 2659 uideam
184 2597 223 2662 ad
246 2597 464 2662 terminandum
485 2619 542 2682 per
562 2598 772 2663 mediationem
801 2598 912 2662 bellurn
933 2595 1152 2680 llungaricum;
1178 2596 1243 2660 aula

50 2703 124 2766 enim
146 2727 182 2769 se
201 2708 309 2790 Jugnm
331 2707 458 2771 nationis
479 2707 568 2791 bujus
590 2708 621 2770 iu
641 2707 776 2772 manibus
799 2705 913 2771 babere
934 2706 1033 2771 credit
1046 2706 1095 2772 uel
1119 2704 1245 2770 marium

50 2809 248 2899 intercoeptis
263 2816 308 2880 uti
318 2815 416 2880 111111
426 2815 547 2880 arcibus
556 2814 671 2880 Edtsed
682 2820 715 2879 et
725 2815 868 2900 Muri-any
882 2820 915 2879 et
930 2816 1061 2899 quamuis
1073 2813 1245 2878 Cassouiam

52 2939 139 2985 nouus
154 2923 315 2988 intraverit
329 2923 426 2995 miles,
442 2923 571 2988 ministri
586 2927 686 2988 tamen
702 2923 768 2986 1111
781 2943 886 2986 omnes
897 2929 929 2987 et
940 2922 1075 3006 inprimis
1085 2941 1245 3005 supremus

52 3031 130 3094 aulae
156 3034 334 3115 praefectus
363 3036 394 3097 11
415 3051 517 3096 comes
541 3033 579 3096 dc
595 3032 770 3098 Wratislaw
791 3032 992 3116 pacificationi
1013 3032 1243 3096 contrariantur.

53 3136 193 3225 Princeps
210 3142 347 3226 protecto
360 3141 512 3225 Eugenius
525 3141 776 3224 generosissimus
789 3147 822 3206 et
832 3143 1029 3226 aequissimus
1041 3147 1091 3206 est
1102 3146 1133 3206 11
1145 3144 1244 3206 tamen

53 3243 97 3311 bie
112 3250 226 3315 nullum
241 3251 371 3314 medium
386 3251 518 3314 existere
533 3250 693 3321 existimat,
709 3269 796 3334 quarn
811 3254 845 3313 nt
860 3271 895 3314 11
910 3251 1053 3335 princeps
1071 3255 1102 3315 et
1118 3251 1245 3314 conloc-

57 3351 147 3421 derati
162 3359 341 3444 simpliciter
357 3359 526 3424 Caesareae
540 3358 659 3424 tradant
675 3357 1026 3433 circumambientem
1041 3365 1191 3423 tamense
1207 3357 1246 3421 de

58 3464 225 3533 sinceritate
240 3469 459 3551 Hungnmrum
472 3468 576 3552 spargi
591 3467 628 3531 ab
644 3468 682 3532 iis
697 3466 816 3532 libellos
831 3469 1045 3553 imperatorem
1060 3472 1092 3532 et
1106 3467 1245 3530 ministe-

57 3572 126 3638 rium
140 3578 262 3642 nimium
277 3578 530 3661 perstringentes,
547 3576 626 3660 quod
638 3577 664 3640 si
677 3577 802 3640 Gnarum
813 3596 900 3659 spem
910 3575 1085 3640 1111111111
1095 3573 1246 3657 ilungaris

60 3679 135 3748 dedit
155 3685 227 3750 talia
249 3691 333 3750 certe
356 3689 388 3749 11
409 3685 479 3750 buic
501 3684 586 3748 aulae
610 3684 717 3749 obtulit
737 3689 769 3748 et
785 3683 922 3748 dominus
936 3683 1081 3748 Brurininx
1095 3682 1246 3766 llougaris

60 3787 121 3854 ideo
144 3797 305 3878 suspectus
327 3793 452 3856 deuenit
473 3793 551 3877 quod
567 3791 673 3857 iisdem
689 3793 839 3858 sinceram
854 3813 915 3855 non
926 3790 1072 3856 adulando
1089 3789 1248 3874 scripserit

62 3899 208 3968 ueritatem
232 3901 380 3986 llungaris
400 3901 542 3975 inuisam,
567 3906 673 3986 utpote
693 3903 743 3987 qui
764 3921 886 3985 semper
909 3920 1040 3965 111111
1063 3921 1120 3984 spe
1144 3898 1248 3964 lactari

63 4008 214 4086 patiuntur.

143 4117 174 4183 4.
188 4118 297 4184 Febr.
310 4119 508 4184 Ministerium
519 4118 605 4183 aulae
616 4118 706 4200 bajus
718 4117 941 4201 propositiones
949 4115 1097 4201 Principis
1109 4115 1247 4198 frigidis-

66 4223 129 4290 sime
144 4229 272 4312 accepit,
285 4233 317 4292 11
331 4228 547 4312 propemodum
564 4247 680 4292 omnem
691 4247 776 4310 spem
789 4227 828 4291 de
841 4224 1002 4291 obtinenda
1016 4225 1246 4309 perpotentiam

68 4339 186 4401 exteram
201 4338 232 4402 in
247 4337 398 4420 ilungaria
413 4354 489 4421 pace
504 4337 679 4420 praescidit,
697 4338 830 4420 quamuis
845 4336 904 4400 boe
920 4335 1077 4400 declarent
1088 4334 1247 4398 Caesarem

68 4439 99 4503 ud
116 4447 274 4530 specialem
294 4447 419 4530 reginae
440 4447 480 4510 ld.
497 4446 668 4510 Britanniae
689 4445 859 4509 instantiam
880 4443 1009 4528 principi
1023 4441 1172 4508 Rakoczio
1191 4441 1247 4506 sed

69 4551 183 4618 exclusis
208 4555 338 4620 caeteris
360 4553 486 4620 ducibus
501 4555 662 4639 ignoscere
678 4559 814 4638 paratum
830 4574 916 4626 esse,
932 4553 1069 4618 domiuus
1091 4569 1193 4616 comes
1210 4547 1249 4612 de
