3117 5084
1145 356 1219 426 123

20 523 89 588 rdeo
113 530 290 607 protectam
306 528 440 591 sentiens
457 527 497 591 ita
516 534 630 594 tractus
647 535 678 594 et
700 529 845 594 excitatus
863 533 926 599 est,
942 534 975 591 ut
990 527 1108 592 debitas
1125 530 1221 612 grati-

20 635 132 698 tudinis
151 636 370 718 expressiones
381 637 430 700 vix
447 637 604 702 declarare
616 640 740 712 valeam,
756 639 890 723 satisqve
904 637 993 702 video
1009 638 1082 701 nibil
1097 638 1223 721 amplius

20 743 115 826 expeti
134 746 281 827 possein
299 745 551 810 continuationem
567 747 765 830 protectionis
782 766 856 812 suae
868 745 947 830 qvod
963 765 1013 810 me
1031 746 1223 813 obtentorum

20 871 146 936 sperare
164 874 331 938 neqveam3
348 874 384 918 ao
400 855 528 938 proinde
544 855 613 919 duro
629 861 739 921 statum
754 860 947 939 praesentem
963 859 995 920 et
1010 856 1114 920 dietim
1130 875 1222 920 accu-

20 960 144 1025 mulatas
155 960 297 1026 ,satorum
313 960 495 1026 acerbitates
511 981 567 1046 per
579 961 698 1026 fidelem
710 981 810 1026 meum
822 962 1037 1026 cubicularium
1045 962 1074 1027 J.
1083 964 1224 1027 lllement

20 1065 114 1136 leuno
139 1067 183 1134 ob
209 1068 313 1132 oculos
332 1068 499 1153 blujestatis
515 1070 642 1134 Vestrae
667 1091 703 1134 eo
728 1091 787 1156 qvo
804 1070 895 1134 decet
910 1075 1053 1154 respectu
1069 1089 1223 1154 exponere

20 1177 123 1261 cupio,
155 1177 351 1261 Majestatem
373 1179 511 1244 Vestram
544 1181 625 1244 omni
651 1178 925 1245 confidentissimae
952 1181 1020 1263 spei
1050 1180 1223 1244 reverentia

20 1305 122 1359 exoro.
139 1291 177 1352 ut
193 1287 303 1369 ijsdcrn
318 1288 443 1352 ulterius
465 1307 582 1372 qvoqve
598 1289 836 1371 generositatem
851 1307 935 1352 suam
952 1287 1022 1352 duci
1043 1289 1147 1352 sinens
1168 1307 1225 1370 per

20 1396 233 1460 nimborum
248 1416 370 1460 suorum
385 1397 495 1462 scriem
510 1397 764 1462 interventionem
779 1398 810 1462 in
822 1416 992 1480 congressu
1009 1416 1128 1482 qvoqve
1140 1396 1225 1478 pacis

22 1505 179 1586 generalis
214 1505 399 1570 instituendo
426 1505 458 1568 in
490 1505 734 1588 exuperatiouem
765 1505 919 1571 felicitatis
950 1525 1070 1589 qvoque
1100 1509 1224 1568 nostrae

23 1611 155 1694 benigne
174 1633 361 1678 concurrere
377 1614 468 1686 velit,
489 1614 538 1678 cui
553 1614 591 1678 de
607 1613 725 1697 reliqvo
744 1633 863 1678 omnem
878 1613 1044 1678 divinarum
1060 1613 1225 1697 gratiarum

24 1727 54 1786 et
66 1723 277 1805 pretiosorum
291 1721 437 1786 donorum
453 1741 574 1788 suorum
591 1723 773 1788 affluentiam
789 1721 953 1786 cordicitus
970 1726 1089 1805 exopto.

569 1831 774 1898 serenissime
790 1851 827 1896 ac
851 1831 1060 1914 potentissime
1081 1849 1136 1894 rex

569 1940 736 2022 Maiestatis
756 1941 815 2006 V¹¹⁸
838 1939 1080 2004 devinctissimus
1104 1943 1136 2002 et

570 2050 666 2116 omnis
690 2049 876 2115 sinceritatis
891 2047 1001 2114 ellectu
1017 2047 1136 2132 obliga·

569 2158 702 2224 tissimus
718 2158 851 2224 servitor
898 2181 905 2194 ’

690 2267 936 2334 Franciseus
956 2266 1157 2349 Princeps.
1203 2298 1209 2308 ·

36 2497 214 2582 luszdge
245 2517 314 2564 aus
345 2497 415 2562 den
439 2393 705 2564 Brietenffldes
734 2498 976 2583 engliscben
1001 2496 1226 2562 Gesandten

34 2603 66 2666 in
88 2605 221 2680 Wien,
245 2607 418 2680 Paludes,
446 2629 490 2671 an
513 2607 637 2692 Baby,
670 2609 907 2693 engliscben
932 2608 1160 2673 Gesandten
1190 2606 1228 2668 in

554 2717 699 2780 Berlin.

308 2829 339 2890 0.
356 2827 447 2910 Aug.
467 2825 553 2890 1710
570 2825 633 2890 bis
654 2827 704 2892 11.
722 2825 834 2890 Febr.
853 2825 953 2890 1711.

38 2943 213 3004 Extractus
238 2949 412 3005 literarum
439 2949 562 3004 domini
588 2949 718 3004 Palmss
743 2950 855 3022 legati
880 2949 1007 3022 anglici
1025 2947 1161 3003 Wienna
1189 2947 1228 3002 ad

427 3039 548 3096 llilord
567 3041 648 3096 llabi
667 3039 829 3098 datarum.

121 3150 151 3214 o.
173 3151 263 3234 Aug.
288 3151 403 3216 1710.
436 3150 539 3216 Voveo
560 3156 593 3215 nt
617 3152 694 3215 banc
725 3153 821 3216 aulam
845 3152 882 3214 ad
906 3152 1088 3235 aeqvitatem
1111 3148 1229 3212 ratione

41 3252 223 3340 ngarorum
244 3260 428 3343 persrrdere
443 3261 574 3344 possim,
598 3260 653 3324 sed
670 3260 776 3324 credat
798 3261 834 3324 E.
850 3261 897 3331 V..
920 3262 1016 3323 aulam
1037 3258 1116 3321 banc
1139 3257 1230 3341 plane

42 3363 180 3445 rejecisse
202 3367 413 3432 mediationem
438 3373 589 3440 nostram,
617 3387 717 3452 neqve
738 3387 813 3432 vero
834 3387 893 3451 ego
917 3368 1047 3432 arbitror
1070 3368 1229 3448 Hungaros

44 3489 126 3555 super
140 3476 206 3540 aliis
222 3496 307 3560 qvam
324 3483 394 3540 ante
410 3477 430 3540 t
448 3496 541 3540 annos
558 3475 698 3540 exhibitis
715 3475 937 3540 conditionibus
952 3476 1066 3559 pacisci
1082 3477 1171 3540 velle.

123 3586 185 3652 20.
201 3586 303 3669 Sept.
326 3587 372 3649 Ex
383 3586 552 3650 novissimis
562 3586 638 3650 meis
651 3585 778 3669 anglicis
791 3585 901 3650 litteris
913 3583 1077 3669 perspicio,
1092 3602 1229 3667 magnam

46 3686 82 3750 ibi
95 3709 161 3758 esse
176 3713 272 3777 super
286 3694 458 3759 infelicibus
474 3694 625 3778 llangaris
641 3695 890 3777 compassionem.

123 3799 154 3866 4.
174 3802 257 3866 Oct.
281 3804 394 3886 decepi
409 3809 497 3886 posta
513 3805 614 3868 ultima
631 3804 786 3887 praecisos
802 3802 926 3866 ordines
936 3801 1074 3864 Londino
1087 3819 1146 3864 una
1162 3819 1230 3864 eum

48 3904 160 3985 epistola
183 3909 221 3972 ad
236 3909 397 3974 Caesarem
420 3916 453 3975 ut
473 3911 554 3974 omni
575 3931 631 3995 spe
651 3912 740 3984 nitar,
758 3930 816 3995 qvo
839 3911 935 3975 aulam
958 3909 1036 3974 banc
1058 3909 1096 3972 ad
1111 3907 1231 3993 aliqvod

47 4015 301 4098 luniperamentum
321 4017 353 4080 iu
376 4019 498 4103 negotio
514 4020 686 4103 Huugarieo
703 4019 905 4091 adducerem,
929 4019 1042 4082 utinam
1057 4018 1089 4081 id
1105 4018 1231 4081 edicere

51 4123 157 4199 tussim
196 4126 294 4209 Spero
317 4126 524 4190 llobandieom
548 4128 679 4210 legatum
701 4134 828 4190 eatenus
848 4127 1030 4191 instructum
1051 4128 1105 4200 ivi;
1128 4130 1230 4191 metuo

51 4237 134 4296 cutm
147 4255 205 4298 nos
220 4235 360 4317 exigaam
375 4235 431 4298 bac
448 4235 479 4298 in
494 4255 530 4299 re
545 4255 722 4300 successum
737 4234 894 4318 babituros
909 4256 989 4300 esse.

128 4343 186 4408 11.
204 4343 284 4407 Oct.
307 4343 421 4426 Accepi
437 4344 564 4427 reginae
580 4343 702 4408 ordines
718 4345 845 4408 iteratos
860 4343 899 4406 ad
915 4342 1119 4426 adurgendam
1136 4341 1231 4404 aulam

53 4439 253 4516 larentinae
273 4452 356 4535 pacis
381 4453 573 4536 ilungarieae
597 4453 684 4534 eujus
709 4453 828 4517 ratione
854 4471 945 4535 parva
973 4471 1046 4534 spes
1071 4458 1231 4532 saperest;

56 4553 144 4621 nodus
172 4560 253 4624 enim
281 4559 391 4642 agend
420 4561 630 4644 ilungarorum
657 4561 748 4644 pluam
775 4559 1031 4648 extraordinarius
1060 4563 1119 4621 eat.
1165 4557 1233 4621 llea
