3117 5084
1208 375 1259 449 st

37 546 254 609 t'aciendo
279 546 456 610 ereditui
473 548 549 610 uiam
566 547 719 632 praecludi
729 550 872 615 volumus.
891 551 1051 614 Coeterum
1067 551 1146 634 quod
1164 550 1263 633 apud

39 652 198 717 ducem
226 652 535 735 marlehorough
568 662 606 717 et
640 656 808 723 ordines
836 657 1078 723 llollandiae
1104 663 1202 723 actum
1228 662 1263 723 et

39 761 235 825 conclusum
250 762 290 825 sit
304 762 455 844 personali
472 762 619 827 relatione
635 764 757 829 edoceri
774 767 926 836 volumus,
950 765 1080 849 ideoque
1104 767 1162 830 nisi
1185 788 1262 834 noua

41 868 208 952 quaedam
240 870 448 939 occurrerint.
487 890 564 955 quae
595 872 732 937 iteratam
763 875 987 958 responsoriam
1016 874 1261 940 lusor-mationem

38 976 199 1041 Nostram
221 979 390 1061 requirant,
411 980 470 1043 iter
493 1000 578 1044 suum
606 982 779 1047 accelerare
809 985 928 1047 nouerit
956 982 1149 1048 fidelitas
1176 988 1261 1057 tua,

40 1106 170 1169 quarn
187 1086 307 1150 felicem
324 1085 466 1150 aduenire
483 1088 627 1171 cupimus.

149 1192 183 1257 4.
201 1194 313 1259 mensis
329 1195 400 1278 Apr.
423 1194 517 1260 1709.
716 1232 947 1297 Franciscus
971 1235 1166 1318 Princeps·

144 1350 179 1412 P.
200 1349 232 1413 S.
251 1350 447 1431 Quaestorern
462 1350 674 1413 Dantiseanum
692 1352 761 1414 Puix
785 1351 815 1414 in
838 1353 943 1433 Regno
967 1372 1054 1415 casus
1076 1350 1184 1415 obtulit
1205 1373 1260 1435 per

41 1476 141 1541 quern
161 1458 374 1521 resolutionem
391 1458 428 1520 de
441 1458 596 1525 larblonshi
614 1460 679 1521 lieri
697 1458 888 1543 disponemus
904 1465 968 1524 tuto
985 1459 1027 1524 ihi
1045 1460 1256 1544 quaerendam.

85 1562 258 1635 (original.)

636 1640 686 1704 ld.

304 1756 461 1819 Berieht
489 1755 707 1820 Klement's
735 1778 784 1819 an
813 1756 1001 1839 lidkdery.

277 1957 308 2019 P
333 1954 363 2020 Ρ
446 1865 603 1936 Berolino‚
623 1864 675 1927 18.
692 1861 750 1927 Mai
771 1865 867 1929 17119.

143 2064 189 2127 Ex
212 2064 370 2146 anglicano
393 2062 512 2140 tandem
534 2068 567 2127 et
587 2062 757 2127 hollandiae
774 2064 884 2127 itincre
900 2072 970 2148 pust
984 2071 1142 2148 superatus
1157 2068 1252 2130 maxi-

48 2194 111 2237 mas
138 2193 254 2256 easque
282 2172 424 2256 plurimas
453 2170 646 2237 difficultates
672 2172 724 2235 15.
747 2172 836 2254 hujus
856 2174 917 2237 huc
940 2172 1073 2239 feliciter
1097 2174 1252 2239 rediimus.

49 2280 201 2345 lledditae
217 2279 304 2345 nohis
318 2299 385 2343 mox
400 2284 470 2343 sunt
482 2279 651 2364 duplicatae
663 2275 749 2343 Set·
770 2280 829 2345 Vm
839 2280 878 2344 de
890 2280 960 2345 dato
972 2278 1003 2344 4.
1017 2282 1128 2365 Aprilis
1140 2281 1251 2366 henig-

48 2390 196 2453 nissirnae
232 2390 401 2473 epistolae,
434 2402 557 2471 quarum
587 2388 697 2453 seriem
730 2392 761 2451 et
791 2393 941 2453 momenta
971 2389 1004 2453 in
1034 2392 1110 2458 lucis
1141 2392 1253 2456 debitis

49 2497 282 2569 notificavimus,
295 2502 327 2561 et
340 2496 577 2581 quandoquidem
589 2498 627 2561 ad
638 2496 809 2561 mandatum
821 2498 854 2562 8.
864 2498 900 2561 V.
913 2498 973 2563 imu
985 2499 1076 2563 etiarn
1088 2501 1254 2565 alliatarum

48 2608 254 2691 potentiarum
268 2606 300 2669 in
316 2606 497 2689 Hungariam
513 2606 688 2691 propediem
710 2604 813 2670 redire
829 2606 1037 2671 constituerim
1052 2628 1090 2671 er
1105 2608 1206 2673 multis
1223 2615 1256 2673 et

48 2714 195 2798 grauibus
210 2715 249 2779 dc
266 2714 365 2779 causis
381 2734 417 2777 ea
433 2734 509 2799 quae
524 2714 602 2798 apud
617 2714 733 2778 alliatos
749 2718 817 2779 acta
836 2720 906 2780 sunt
926 2716 1089 2799 punctatim
1104 2714 1156 2781 hic
1171 2717 1255 2781 edis-

48 2843 157 2887 serere
178 2823 300 2887 minime
321 2828 521 2906 opportunum
546 2842 615 2887 csse
633 2823 749 2904 Judico.
796 2824 916 2888 Interea
938 2830 1039 2888 tamen
1065 2844 1170 2889 omnes
1197 2826 1255 2889 hae

52 2932 208 3016 potentiae
228 2934 455 3001 assecurarunt,
478 2950 513 2993 se
529 2932 627 2995 omnia
643 2929 681 2994 ad
696 2932 956 2995 conservationem
971 2934 1005 2997 8.
1022 2932 1057 2995 V.
1075 2937 1107 2998 et
1120 2936 1255 2998 statuum

53 3041 140 3123 regni
157 3038 345 3121 Hungariae.
370 3042 511 3122 quantum
526 3038 563 3103 ah
580 3039 654 3123 ipsis
667 3040 737 3123 jure
753 3039 922 3105 desiderari
937 3041 1051 3124 peterit
1064 3044 1097 3105 et
1112 3046 1254 3126 quantum

53 3170 108 3235 per
129 3147 291 3213 modernas
320 3146 531 3229 conjuncturas
554 3148 689 3219 licuerit,
718 3146 926 3212 lubentissime
954 3150 1129 3214 collaturus:
1167 3150 1255 3215 Nune

53 3260 128 3323 haec
151 3257 219 3321 arula
244 3254 317 3319 nihil
333 3255 412 3319 aliud
433 3276 451 3317 a
474 3254 553 3319 Sed·
574 3256 623 3320 V¹¹
646 3255 712 3319 lieri
728 3260 823 3340 optat,
840 3277 926 3341 qaam
942 3257 1018 3329 hoe,
1041 3276 1081 3321 ne
1097 3258 1254 3323 serenitas

54 3367 100 3430 V¹⁸
123 3365 327 3451 periculosum
341 3368 499 3427 tractatum
517 3383 584 3427 eum
599 3364 708 3430 Turcis
724 3365 919 3449 praecipitari
935 3364 1042 3436 faciat,
1064 3365 1120 3429 sed
1141 3365 1253 3449 henig-

53 3475 176 3539 nissime
191 3472 320 3537 reditum
331 3490 430 3536 meum
443 3473 618 3556 qvantuoius
630 3472 1038 3556 admaturandumexpectet‚
1050 3473 1253 3538 intereavero

54 3580 272 3648 considerando
302 3584 492 3665 praesentem
520 3585 629 3645 statum
651 3581 822 3663 {longeriae
849 3582 909 3645 imo
931 3587 964 3645 et
979 3582 1180 3666 Europaeum,
1203 3581 1254 3647 uhi

56 3712 107 3776 par
123 3690 278 3775 generalis
294 3690 415 3753 mnrium
431 3689 529 3755 vicina
544 3694 576 3755 et
591 3690 639 3753 vel
655 3694 782 3773 propter
795 3692 903 3755 samem
924 3691 955 3753 iu
971 3689 1078 3765 Gallia,
1093 3691 1254 3756 Brabantia

56 3807 87 3865 et
104 3798 258 3864 llollandia
274 3804 409 3863 exortam
424 3798 509 3863 breui
531 3798 737 3863 concludenda
753 3798 875 3871 dieitur,
898 3804 1004 3863 exacte
1027 3800 1124 3864 omnia
1140 3805 1252 3883 puncta

56 3908 127 3993 apud
143 3928 179 3972 se
194 3907 359 3978 resolvere,
376 3907 434 3971 imo
450 3908 477 3970 si
494 3903 568 3971 Serti
587 3907 644 3970 pn·
665 3906 798 3979 libuerit
813 3907 913 3973 domui
928 3908 1103 3972 Austriacae
1119 3909 1248 3992 proponi

59 4019 156 4083 faeere
171 4016 323 4099 dignetur,
340 4016 405 4078 sine
423 4015 528 4099 quibus
546 4016 578 4079 S.
592 4016 627 4079 V.
645 4020 677 4077 et
690 4020 787 4079 status
803 4036 871 4081 cunr
887 4016 999 4079 Cesare
1016 4016 1054 4079 oh
1071 4036 1252 4099 progressus

59 4148 122 4191 suos
138 4125 233 4206 magis
250 4144 336 4208 quam
352 4144 479 4207 unquam
495 4124 607 4187 tumido
625 4124 738 4207 pacisci
754 4124 875 4187 minime
892 4124 995 4196 velint,
1014 4129 1047 4188 et
1060 4125 1109 4188 rel
1126 4126 1251 4187 maxime

60 4236 120 4298 ideo
141 4237 174 4297 ut
195 4234 228 4296 in
250 4232 349 4297 reditu
373 4252 439 4298 meo
465 4234 544 4297 facta
567 4233 729 4296 humillime
751 4234 897 4297 relatione
917 4252 953 4296 eo
979 4233 1067 4296 eitius
1083 4253 1151 4297 eum
1167 4227 1252 4296 sere.

61 4344 112 4407 V¹⁸⁶
138 4362 286 4426 responso
314 4342 350 4405 ad
378 4342 510 4414 aflictos,
534 4343 583 4426 qui
605 4344 683 4407 facta
706 4364 762 4425 per
784 4344 817 4407 8.
836 4343 870 4406 V.
896 4343 1018 4407 Caesari
1045 4343 1251 4426 propositione

62 4452 207 4535 aegalim
222 4452 282 4515 hue
298 4450 531 4533 prornoreudum
543 4450 687 4515 ministris
703 4452 766 4514 suis
782 4452 936 4516 Wiennae
952 4451 1150 4517 existentibus
1166 4470 1251 4517 com-

62 4563 207 4631 miseramt,
224 4558 391 4623 seeundum
406 4578 509 4623 eorum
525 4559 709 4625 desiderium
725 4578 892 4643 properare
908 4560 1030 4643 possim.

989 4666 1005 4715 3
1014 4666 1030 4696 ἃ
