3117 5084
277 305 352 378 108

275 481 411 546 fiduciam
426 484 460 544 ut
475 485 504 544 ct
520 499 678 563 personam
690 484 820 544 nestram
832 479 986 564 praedicto
998 481 1173 566 Praeposito
1185 481 1358 545 modolitate
1370 487 1469 546 tamen

152 613 161 632 ⁸
276 589 381 654 Eidem
396 589 601 654 instructionis
625 588 712 652 datae
738 588 950 672 quodammodo
972 589 1194 654 subordinando
1209 595 1329 674 partem
1345 589 1471 653 efficere

276 698 465 764 uoluerimus.
491 697 537 762 Nc
552 717 624 763 vcro
641 699 756 762 interea
773 717 893 782 quoque
907 704 1042 783 sumptus
1055 697 1140 763 nobis
1152 700 1319 764 necessarii
1330 697 1476 762 deficiant

276 815 344 872 actu
361 807 540 872 allaboratur
551 807 582 870 in
594 807 791 871 translatione
803 829 858 892 per
871 807 1017 872 cambium
1030 829 1161 873 summae
1174 809 1260 872 1900
1268 808 1475 893 Imperialium

276 922 337 982 ctc.
363 922 421 982 etc.
446 915 540 1003 (haec
569 915 607 979 de
633 914 828 1003 sumptibus).
875 917 922 979 Dc
953 921 1076 981 caetero
1104 922 1291 981 assecuratos
1319 938 1377 981 vos
1407 938 1476 979 esse

277 1027 410 1092 volumus
420 1025 618 1090 continuatam
631 1023 816 1107 diligentiam
824 1023 997 1089 fidelitatem
1009 1032 1042 1089 et
1052 1025 1253 1110 periculorum
1264 1029 1475 1109 contemptun

277 1136 307 1200 in
325 1135 431 1220 quibus
446 1155 501 1219 pro
517 1133 638 1200 servitio
655 1139 757 1198 nostro
775 1139 806 1198 et
817 1134 933 1198 Patriae
945 1135 1105 1199 versamini
1121 1155 1176 1198 nos
1192 1155 1343 1220 nunquam
1359 1135 1475 1198 oblite-

276 1251 403 1310 raturus.
436 1244 496 1309 Vos
512 1245 543 1307 in
559 1245 675 1327 reliquo
691 1243 770 1307 bene
786 1245 886 1308 valere
902 1243 1117 1307 desideramus.

1027 1370 1206 1434 Franciscus
1222 1370 1381 1454 Princeps.

317 1513 418 1586 (Copia
431 1533 480 1571 von
493 1517 635 1570 Klemont's
648 1513 747 1587 Hand.)
1065 1499 1171 1584 Steph.
1189 1499 1332 1582 Krucsay.

849 1642 904 1709 49.

412 1770 642 1838 Schreiben
665 1771 917 1856 Bercsenyi’s
940 1791 986 1835 an
1010 1771 1186 1836 Genera!
1208 1773 1345 1837 danus.

280 1919 325 1982 be
341 1917 446 1984 Comte
461 1917 624 2001 Bcrcsenyi
650 1938 685 1981 au
708 1917 832 1999 general
848 1917 941 1982 danus
965 1916 1003 1980 de
1018 1917 1180 1982 Hommona
1201 1938 1239 1981 ce
1253 1917 1283 1981 ie
1300 1918 1478 1982 1111311131
1541 1863 1543 1962 i

739 2027 900 2093 dJarislav
919 2027 1014 2093 mro.

495 2155 681 2221 Monsieor!

369 2261 435 2348 J'ay
460 2285 496 2328 eu
521 2263 685 2327 i'honneur
708 2261 845 2330 d'ouurir
866 2264 894 2327 13
911 2264 1001 2328 lettre
1018 2263 1057 2327 de
1072 2264 1107 2328 V.
1121 2263 1156 2328 E.
1175 2264 1286 2328 escrite
1301 2265 1320 2328 d
1336 2264 1371 2329 S.
1388 2265 1425 2328 Α.
1442 2265 1473 2328 8.

280 2373 496 2458 Monseigneur
514 2375 543 2438 le
560 2375 668 2438 Prince
684 2373 722 2436 de
738 2374 970 2456 Transsylvanie
986 2374 1003 2437 d
1020 2394 1110 2437 cause
1128 2373 1166 2435 de
1182 2373 1418 2456 i'eioignement
1438 2375 1473 2436 de

282 2483 316 2548 S.
333 2483 366 2546 Α.
385 2484 416 2548 S.
448 2483 486 2548 Jc
499 2482 566 2566 n'ay
581 2504 634 2567 pas
656 2485 783 2568 manque
800 2488 940 2568 pourtant
963 2482 1118 2549 d'em’oier
1139 2481 1270 2548 l'extrait
1290 2482 1329 2546 dc
1353 2484 1382 2546 13
1398 2483 1471 2547 dito
1541 2507 1544 2614 p

281 2592 371 2656 iettre
388 2591 405 2655 d
421 2592 453 2656 S.
470 2592 504 2656 Α.
522 2591 555 2656 S.
587 2591 653 2654 Elia
672 2590 729 2654 m'a
746 2591 881 2655 ordonne
897 2591 935 2654 dc
951 2591 1102 2675 repondre
1119 2591 1137 2655 d
1153 2591 1188 2656 V.
1204 2591 1252 2662 E..
1269 2611 1327 2675 que
1344 2593 1474 2676 puisque
1542 2639 1543 2698 p

282 2699 316 2765 S.
332 2699 366 2764 Α.
385 2698 418 2764 S.
436 2721 452 2763 a
476 2721 515 2764 un
539 2701 666 2764 actuelie
682 2701 797 2765 Ennoie
813 2699 1049 2764 entraordinaire
1065 2701 1084 2764 d
1099 2700 1127 2763 13
1143 2720 1217 2765 cour
1232 2700 1272 2764 de
1287 2700 1321 2765 S.
1337 2701 1380 2766 Μ.
1398 2700 1472 2765 Gna·
1542 2703 1543 2768 3

282 2809 388 2872 rienne
412 2829 467 2893 par
490 2808 539 2893 qvi
561 2809 593 2873 8.
616 2809 650 2872 Α.
667 2809 700 2874 S.
729 2830 745 2873 a
770 2808 868 2873 donne
892 2830 950 2873 unc
974 2811 1071 2894 ample
1094 2808 1284 2873 information
1307 2809 1385 2874 1383
1400 2809 1472 2873 ditte

283 2917 409 3001 Majeste
426 2893 627 2983 touchaniles
644 2924 789 3004 trouppes
807 2921 855 3003 qui
871 2923 941 2983 sont
955 2919 1073 2983 restdes
1090 2919 1140 2992 ici,
1157 2919 1216 2982 cite
1232 2939 1354 3003 aspere,
1368 2939 1438 3003 qve,
1448 2919 1472 2981 si

283 3025 316 3092 S.
334 3027 373 3092 Μ.
391 3027 556 3092 Csarienne
571 3028 706 3112 pourroit
722 3048 833 3092 encore
850 3029 932 3093 avoir
948 3029 1076 3113 quelque
1092 3028 1313 3093 consideration
1328 3028 1472 3100 ladessus,

285 3137 343 3200 cite
359 3136 450 3201 feroit
466 3137 582 3201 scanoir
597 3158 630 3201 sa
646 3137 766 3202 nolonte
783 3158 818 3200 au
835 3136 878 3201 dit
894 3137 1026 3220 Envoye,
1044 3142 1075 3202 et
1090 3137 1164 3200 ainsi
1181 3137 1214 3203 S.
1231 3139 1265 3201 Α.
1279 3137 1312 3201 8.
1328 3137 1434 3201 attend
1450 3137 1473 3200 la

286 3244 410 3309 dessous
427 3247 455 3308 13
472 3245 654 3310 notification
678 3251 710 3309 et
732 3245 923 3309 information
940 3245 977 3309 de
993 3267 1049 3310 son
1066 3246 1201 3310 ministre
1217 3246 1305 3330 apres
1323 3266 1403 3329 quoy
1418 3245 1475 3308 elic
1544 3226 1545 3321 1

285 3375 323 3418 nc
340 3374 499 3439 manqvera
515 3377 568 3439 pas
586 3355 623 3419 de
639 3356 755 3420 donner
769 3376 820 3419 ses
836 3355 1025 3419 resolutions.
1052 3354 1091 3419 Je
1106 3356 1168 3418 suis
1184 3354 1356 3439 cependant
1371 3360 1432 3419 ctc.
1543 3325 1545 3465 1

854 3573 907 3637 110.

286 3698 513 3764 Schreihen
536 3698 792 3783 Bercsenyi's
822 3720 867 3763 an
891 3699 953 3764 die
976 3697 1473 3765 Kron-Gross·Gcnera1io

770 3830 841 3876 von
865 3810 996 3875 Polen.

404 3934 517 4000 Eodem
534 3934 603 3999 dato
619 3936 647 3999 te
663 3955 759 4000 meme
776 3937 795 4000 d
810 3936 838 4000 la
855 3935 976 4000 Grande
994 3935 1144 4000 Gener-alc
1161 3936 1200 3999 de
1215 3935 1361 4019 Pologne.

501 4079 670 4146 Madame!

376 4188 504 4273 Puisqse
523 4190 557 4272 je
581 4188 648 4274 n'ay
670 4209 724 4274 pas
744 4210 807 4253 une
829 4209 979 4274 personne
1004 4209 1112 4274 aupres
1135 4190 1174 4254 de
1196 4209 1264 4273 moy
1280 4189 1327 4274 qu
1345 4187 1472 4252 schacha
1544 4266 1545 4279 ἶ

288 4299 544 4372 ecrirePoIonois
557 4299 591 4381 je
607 4320 654 4362 mc
671 4299 769 4364 donne
785 4298 944 4363 i'honneur
956 4297 993 4362 de
1007 4298 1155 4382 repondre
1168 4299 1186 4362 d
1197 4303 1283 4362 notre
1295 4298 1472 4362 Enceticnce
1544 4288 1545 4365 1

288 4429 326 4472 en
348 4408 477 4473 irancois
502 4408 519 4471 d
542 4408 570 4470 13
594 4409 699 4472 sienne
723 4408 793 4471 uate
816 4407 855 4470 dc
871 4408 1017 4471 Sniniava.
1050 4407 1094 4470 En
1117 4408 1215 4472 verite
1234 4405 1303 4491 j'ay
1324 4408 1375 4471 ete
1395 4409 1421 4472 si
1438 4429 1472 4472 en

288 4519 403 4602 surpris
428 4516 477 4600 d'y
500 4517 566 4582 noir
587 4517 632 4580 ies
656 4517 887 4580 ressontiments
910 4516 947 4579 de
964 4516 999 4581 V.
1013 4516 1048 4579 E.
1074 4521 1179 4579 contre
1194 4537 1263 4600 moy
1282 4517 1300 4580 a
1316 4537 1407 4581 cause
1422 4517 1471 4580 des
1544 4535 1545 4607 3
