3117 5084
1137 341 1212 414 207

33 521 38 576 .’
74 520 259 586 liollandiam
272 518 514 586 informaveram.
545 520 660 604 ilagam
674 519 768 603 igitur
784 518 814 583 1.
831 518 956 603 Augusti
975 517 1099 584 veniens
1120 515 1217 582 domi-

32 660 34 664 ·
51 656 63 665 ⁴*
77 659 90 684 ιι
112 629 154 694 de
170 630 252 715 ligen
266 629 405 702 conveni,
422 629 471 695 cui
486 629 622 695 mandata
638 631 671 695 S.
686 629 721 695 V.
734 627 772 693 ad
788 648 920 693 normam
935 627 1087 693 literarum
1099 625 1217 692 domiuo

65 737 189 803 lonski
209 745 238 803 et
259 739 332 803 mihi
351 739 532 823 scriptarum
552 739 675 803 uberius
701 738 841 823 exposui,
863 737 998 822 rogando
1020 758 1103 811 curn,
1127 743 1159 803 ut
1181 758 1217 803 ea

115 868 268 932 exponere
288 867 324 912 ac
339 849 552 913 resolutionem
567 846 677 912 bonam
693 847 731 912 ob
753 852 926 931 argumenta
948 848 1033 913 allata
1053 868 1217 933 procurare

28 976 33 1015 ς
88 961 182 1021 ctum.
198 958 280 1041 Rege
291 956 451 1022 Borossiae
463 961 525 1021 tum
536 956 625 1041 plane
636 956 816 1021 abituriente
833 956 966 1021 dominus
983 956 1021 1020 de
1033 957 1117 1040 ligea
1130 958 1162 1023 S.
1175 957 1215 1022 M.

27 1089 35 1115 2
76 1065 177 1129 omnia
192 1066 383 1151 proposuisse
399 1066 535 1151 reposuit
550 1066 623 1131 Eam
639 1064 759 1129 omnino
776 1064 910 1129 omnibus
927 1064 1032 1130 ciliciis
1053 1086 1108 1150 pro
1128 1085 1216 1130 causa

33 1169 63 1240 S.
72 1174 108 1240 V.
124 1178 158 1239 et
172 1174 339 1259 ilungariae
355 1176 533 1240 continuare
548 1175 627 1239 velle
643 1182 675 1239 et
689 1194 754 1238 rem
770 1174 848 1257 apud
864 1174 979 1239 alliatos
995 1194 1050 1259 per
1065 1175 1217 1239 ministros

24 1302 96 1347 ¹§.ros
111 1284 218 1367 urgeri
234 1304 351 1356 curare,
368 1305 404 1349 eo
420 1286 515 1369 magis
531 1283 610 1370 qvod
626 1304 694 1350 cum
709 1283 821 1348 Cuarea
832 1282 989 1365 Majestate
1004 1286 1035 1347 in
1051 1283 1129 1349 bonu
1144 1284 1216 1348 har-

24 1358 123 1455 isonia
138 1393 235 1466 vivat;
250 1413 300 1456 res
316 1397 417 1457 tamen
432 1414 501 1457 suas
518 1394 559 1455 ita
575 1392 762 1465 constitutas,
775 1396 809 1456 ut
821 1412 875 1476 pro
889 1392 920 1457 S.
935 1392 970 1457 V.
983 1394 1110 1477 positive
1123 1414 1216 1477 agere

36 1502 145 1587 penitus
168 1502 227 1565 sibi
252 1502 437 1587 impossibile
461 1502 510 1567 sit
548 1502 669 1575 Fateor,
691 1502 793 1586 reperi
821 1500 900 1566 hunc
921 1502 1087 1567 ministrum
1107 1503 1216 1569 iudea

39 1611 166 1675 melma
181 1611 213 1673 in
229 1611 380 1694 Hunguria
395 1630 471 1695 pace
485 1613 608 1675 multum
625 1610 662 1674 de
679 1610 789 1675 affectu
809 1629 863 1675 sno
886 1610 1073 1684 diminuisse,
1097 1618 1128 1676 et
1150 1612 1215 1676 fere

38 1719 134 1781 ullam
154 1719 352 1783 reflexionem
373 1740 466 1805 super
486 1720 753 1784 remonstrationes
774 1738 858 1784 meas
877 1720 993 1783 ratione
1013 1720 1215 1804 projectorum

24 1834 94 1910 ponte
109 1829 223 1913 aliquot
245 1850 340 1893 annos
356 1828 588 1913 approbatorum
603 1829 732 1903 fecisse;
757 1827 836 1893 unde
858 1828 934 1893 haec
949 1829 1089 1915 tepiditas
1105 1831 1214 1903 veniat,

24 1941 111 2028 purte
132 1938 256 2011 nescio,
277 1959 315 2002 an
337 1938 424 2012 inde,
448 1939 525 2024 qvod
546 1958 692 2003 concessa
713 1938 746 2003 S.
763 1938 799 2004 V.
816 1938 965 2023 protectio
982 1939 1113 2022 ipsorum
1130 1940 1217 2023 culpa

24 2044 241 2111 innotescenda
256 2068 342 2112 suum
357 2068 417 2111 non
432 2048 472 2113 sit
487 2048 591 2112 sortita
607 2046 761 2121 effectum
778 2068 856 2111 anne
879 2047 960 2121 inde,
978 2047 1055 2132 qvod
1075 2052 1215 2113 vereatur

41 2153 173 2219 dominum
188 2175 275 2220 snum
290 2157 373 2221 novis
389 2156 517 2240 negotiis
532 2156 696 2242 implicare,
709 2156 777 2221 dum
789 2156 1012 2242 undequaqvam
1024 2157 1100 2240 apud
1113 2176 1215 2222 omnes

24 2241 92 2336 line
110 2265 262 2348 potentias
284 2265 398 2330 alliatas
420 2264 576 2330 continuas
595 2265 688 2330 babet
712 2265 815 2331 tricus.
854 2266 917 2329 Hoc
939 2265 1011 2329 mihi
1037 2266 1140 2331 solatio
1158 2270 1214 2338 est,

40 2373 107 2455 regis
120 2375 263 2438 Prussiae
284 2374 543 2459 interpositionem
563 2394 624 2439 non
643 2394 713 2439 esse
734 2376 809 2439 tund
834 2374 976 2439 momenti
998 2373 1075 2459 apud
1091 2375 1214 2449 alliatos,

24 2471 110 2544 istob
125 2483 192 2566 eJus
207 2483 368 2547 ministerii
382 2484 570 2568 tepiditatem
584 2484 615 2546 in
629 2484 676 2547 luis
693 2483 766 2547 aulis
784 2483 853 2567 qvid
875 2482 974 2547 damni
994 2484 1115 2567 negotio
1131 2484 1163 2548 S.
1178 2483 1214 2549 V.

44 2588 168 2655 obvenire
186 2597 287 2677 qveat.
319 2592 460 2658 dbiverat
473 2593 505 2656 in
521 2593 656 2676 Angliam
667 2594 750 2675 liuga
763 2592 873 2656 ltiilord
888 2590 981 2675 Rahy,
997 2590 1084 2656 modo
1097 2597 1215 2657 creatus

24 2751 25 2758 ,
42 2716 125 2763 umes
140 2700 309 2774 Stratiord,
332 2707 363 2765 et
384 2702 414 2765 in
430 2702 586 2766 consilium
603 2700 641 2765 de
657 2700 778 2765 cabinet
794 2701 948 2765 admissus.
981 2700 1073 2783 Hujus
1089 2701 1217 2765 reditum

43 2806 276 2892 ipropemodum
298 2811 480 2895 septimanas
503 2811 632 2874 inaniter
655 2809 864 2895 expectabam,
885 2810 951 2873 sine
973 2829 1010 2873 eo
1032 2808 1103 2873 nihil
1123 2831 1216 2895 agere

43 2917 137 2984 rolens
175 2920 241 2985 linc
257 2920 362 2984 venire
384 2921 489 2985 censui
510 2921 593 3005 prius
610 2940 696 3005 qvam
711 2919 790 3004 apud
806 2920 869 2985 00.
888 2920 1052 2984 Generalcs
1070 2920 1216 3005 quidpiam

43 3028 215 3108 ufflotiarer,
231 3029 301 3093 ideo
318 3035 350 3093 ut
364 3029 550 3095 intaminatis
565 3030 614 3093 hic
631 3029 708 3114 apud
723 3028 859 3113 reginam
872 3030 1001 3112 negotiis
1014 3033 1046 3092 et
1057 3030 1216 3093 resolutio-

24 3134 111 3203 }bibus
132 3137 267 3203 obtentis
289 3138 326 3203 ad
349 3160 401 3203 eas
422 3139 621 3223 acceptandas
646 3146 678 3203 et
698 3137 887 3224 exeqvendus
909 3136 1006 3203 medio
1024 3138 1095 3203 dicti
1111 3137 1215 3203 Milord

42 3245 114 3309 et'nm
127 3248 289 3313 liollandos
305 3249 441 3332 obligare
456 3250 579 3335 possim.
601 3253 654 3315 22.
667 3248 727 3313 huc
742 3248 842 3332 appuli
855 3253 886 3312 et
902 3246 940 3313 ob
953 3248 1038 3313 aulae
1051 3247 1215 3313 absentiam

42 3350 114 3419 bodo
132 3358 231 3423 solum
251 3357 331 3423 dicto
352 3358 460 3423 idilord
482 3357 620 3423 mandata
644 3358 677 3421 S.
699 3356 735 3422 V.
761 3356 899 3440 exposui;
929 3357 966 3421 de
994 3357 1215 3422 continuatione

24 3465 25 3504 3
43 3463 147 3529 affectum
164 3468 234 3549 ejus
250 3472 283 3530 et
293 3468 467 3533 sinceritate
478 3466 672 3532 dubitandum
684 3486 744 3531 non
758 3472 816 3539 est,
829 3471 860 3529 et
873 3465 950 3531 SV.
965 3465 1092 3531 credere
1104 3471 1215 3552 potest,

24 3563 103 3637 ‘ium
122 3594 202 3641 nnnc
225 3576 322 3641 omnia
344 3596 380 3640 ea
402 3577 615 3662 praestiturum
637 3596 712 3661 qvae
733 3575 903 3641 humaniter
918 3576 1070 3659 possibilia
1086 3577 1214 3644 suerint:

44 3687 156 3764 ignoscit
171 3686 354 3751 soliditatem
370 3690 613 3770 argumentorum
619 3708 628 3760 ;
645 3706 749 3752 verum
766 3705 835 3750 esse
847 3685 985 3750 Carolum
996 3706 1101 3770 regem
1114 3688 1214 3752 multis

45 3794 189 3861 nummus
205 3796 312 3860 alliatis
327 3794 490 3879 obligatum
507 3815 591 3869 esse,
614 3794 668 3859 sed
685 3816 743 3859 non
759 3795 876 3881 sperari
892 3793 1021 3869 debere,
1035 3816 1089 3861 eos
1105 3817 1142 3860 er
1157 3796 1214 3860 hoc

49 3910 201 3983 ”gunemo
222 3925 279 3989 pro
301 3905 333 3969 8.
356 3905 391 3970 V.
415 3904 563 3990 qvidpiam
587 3904 772 3970 obtenturos.
816 3904 901 3968 Nunc
925 3904 1096 3971 memoriale
1119 3907 1213 3969 formo

49 4012 146 4092 reginae
160 4014 426 4099 praesentandum.
448 4017 578 4099 Tempus
594 4014 717 4081 docebit
732 4013 893 4100 qvalisuam
907 4015 1052 4081 resolutio
1065 4014 1213 4080 subsecu-

24 4193 25 4196 ,
49 4122 96 4184 lura
107 4124 142 4188 sit
155 4145 229 4189 casu
247 4144 303 4209 qvo
319 4125 445 4190 victoria
466 4124 504 4189 de
520 4126 629 4190 Turcis
650 4129 804 4210 reportata
819 4128 851 4189 et
865 4146 922 4209 pax
938 4144 1003 4189 cum
1020 4126 1057 4190 iis
1074 4126 1214 4191 conclusa

48 4229 194 4299 erumna
214 4234 318 4298 inerit.
345 4234 470 4299 Multum
490 4234 626 4318 proderit
648 4234 724 4307 hoc,
744 4254 803 4298 nec
820 4234 915 4299 minus
931 4234 1122 4299 difficultates
1139 4254 1213 4319 qvae

24 4419 25 4424 ἵ
47 4332 214 4407 iuelcctione
228 4343 421 4428 Imperatoris
435 4341 535 4407 medio
550 4344 633 4427 regis
649 4343 790 4409 Poloniae
805 4363 840 4407 se
856 4348 990 4409 exerunt.
1020 4344 1052 4409 S.
1071 4344 1106 4409 V.
1125 4343 1211 4409 beni·

24 4459 25 4544 p
48 4448 127 4526 guitati
140 4473 189 4517 me
209 4453 421 4519 commendans
438 4502 445 4518 .
464 4500 472 4516 .
491 4504 498 4519 .
