3117 5084
276 361 353 434 rto

269 541 329 604 lles
341 540 441 605 Caroli
453 539 638 603 barcelouae
652 540 693 604 ita
709 538 747 602 ad
763 542 929 603 extremum
945 538 1084 604 redactas
1101 558 1182 610 esse,
1198 543 1232 602 ut
1247 538 1329 602 nullo
1345 558 1474 621 unquam

270 650 467 735 plausibiliori
493 650 550 714 sub
579 654 736 734 praetextu
767 649 806 714 ad
832 648 1050 713 haereditarias
1083 668 1152 713 suas
1182 649 1295 711 reuerti
1325 648 1474 731 potuisset

270 762 456 846 prouinciam
488 780 556 825 eum
588 762 689 845 itaque
716 760 804 824 breui
829 759 980 824 Wienuae
1008 761 1139 825 futurum
1167 765 1199 824 et
1220 778 1325 823 omnes
1348 779 1387 823 ue
1410 759 1474 823 t'ors

270 891 439 936 emersuros
452 890 685 955 suppresseram
698 870 913 934 revolutiones.
932 869 1069 933 Addebat
1080 869 1218 934 dominus
1232 868 1270 931 de
1281 869 1377 951 ligen,
1389 870 1474 933 lluu·

268 981 384 1063 goriam
400 1000 461 1043 non
480 978 595 1043 debere
616 977 712 1043 tidere
729 979 853 1043 multum
873 978 1059 1062 prommissis
1079 978 1243 1041 alliatorum
1256 976 1295 1040 de
1307 977 1476 1041 inclusione

269 1091 299 1152 in
316 1108 422 1174 pacem
436 1089 612 1171 generalem
618 1111 628 1161 ;
651 1088 747 1152 aulam
764 1088 982 1153 Wienoeosem
999 1106 1104 1171 parum
1120 1105 1224 1151 eorum
1239 1086 1334 1149 minas
1350 1090 1475 1149 curatu-

270 1219 352 1270 ram,
383 1200 461 1282 qvod
491 1200 586 1269 sciat,
617 1218 722 1261 eorum
752 1199 903 1261 interesse
934 1197 1194 1261 conseruationem
1221 1196 1348 1278 alicujus
1380 1196 1476 1278 partis

270 1307 461 1373 monarchiae
479 1306 658 1391 llispanicae
674 1306 849 1390 requirere3
873 1324 932 1369 non
950 1304 1064 1369 debere
1081 1304 1200 1389 quidem
1216 1304 1249 1369 S.
1262 1305 1297 1370 ll.
1316 1302 1354 1367 de
1370 1322 1476 1367 conum

269 1417 446 1481 sinceritate
462 1415 611 1488 diffidere,
624 1415 679 1480 scd
691 1435 798 1499 pacem
808 1414 1001 1479 Vestlalicam
1014 1414 1166 1487 docuisse,
1180 1414 1248 1499 qvid
1261 1433 1317 1498 pro
1330 1412 1477 1477 bohemia

270 1526 460 1610 caeterisque
474 1525 603 1591 statibus
622 1525 813 1609 imperatoris
833 1524 966 1607 propriis
989 1524 1097 1587 Suecia
1120 1530 1152 1587 et
1175 1523 1270 1587 Gallia
1293 1528 1355 1587 tum
1377 1542 1474 1605 agere

271 1637 441 1722 potuerint;
458 1635 581 1700 multum
597 1635 682 1707 sore,
703 1634 729 1697 si
754 1634 785 1697 in
809 1654 885 1717 pace
901 1634 1040 1716 generali
1056 1633 1086 1696 id
1103 1633 1181 1717 qvod
1197 1632 1226 1695 in
1242 1630 1476 1697 blcnastericusi

274 1765 330 1829 pro
358 1745 467 1809 Silesia
493 1745 666 1829 stipulatum
692 1749 776 1815 erat,
805 1742 998 1807 obtinebitur.
1038 1742 1186 1807 Privatam
1213 1741 1290 1803 banc
1317 1737 1477 1803 asserebat

270 1854 402 1918 liniendo
426 1873 496 1917 csse
517 1872 600 1917 suam
622 1857 771 1924 mentem,
795 1874 830 1917 se
846 1853 914 1936 regi
931 1853 1008 1917 baec
1024 1851 1245 1936 propositurum
1262 1854 1294 1913 et
1308 1848 1478 1930 Maiestatis

272 1963 352 2027 Suae
375 1968 506 2027 mentem
522 1961 697 2029 relaturum.
735 1962 825 2027 Plura
848 1963 905 2027 bac
928 1963 959 2027 iu
979 1962 1103 2026 materia
1119 1980 1213 2044 agere
1230 1958 1358 2023 necdum
1373 1958 1477 2041 potui;

270 2074 348 2137 itura
364 2074 395 2136 in
410 2072 595 2137 llollaudiam
610 2075 697 2156 posta
717 2070 977 2136 considerationes
993 2090 1075 2135 meas
1091 2070 1149 2135 bac
1166 2067 1204 2132 de
1221 2088 1255 2131 rc
1280 2066 1317 2130 ad
1341 2066 1478 2149 legatum

270 2182 396 2264 bugliae
412 2180 542 2245 scribam
557 2187 589 2246 et
604 2181 677 2245 illud
692 2182 740 2245 vel
755 2182 881 2245 maxime
898 2180 1032 2264 urgebo,
1057 2180 1172 2245 alliatcs
1189 2198 1268 2242 nunc
1285 2175 1429 2261 optimum
1443 2174 1477 2237 in

273 2290 409 2355 manibus
437 2290 552 2355 habere
579 2289 725 2363 medium,
755 2310 840 2355 suam
867 2310 969 2354 veram
991 2310 1046 2374 pro
1070 2288 1221 2371 ilungaris
1250 2270 1478 2350 demonstrandi

272 2400 480 2472 intentionem,
496 2399 523 2468 si
539 2401 677 2469 nimirum
693 2400 800 2469 Carolo
818 2400 848 2471 iu
862 2398 1010 2465 bustriam
1030 2399 1197 2467 Barcelona
1212 2395 1347 2459 redituro
1363 2393 1479 2457 tamdiu

270 2509 398 2575 classem
415 2511 549 2575 naualem
563 2511 685 2574 mittere
700 2530 761 2573 nou
776 2509 921 2593 saperint,
938 2508 1035 2573 donec
1048 2509 1081 2573 S.
1094 2507 1130 2572 V.
1148 2510 1179 2572 ct
1195 2504 1367 2589 Hungariae
1382 2504 1478 2567 satis-

271 2618 397 2693 fecerim
412 2641 449 2685 ac
464 2620 592 2704 denique
608 2620 707 2685 omnia
723 2639 810 2702 agam
827 2638 902 2703 qvae
919 2638 973 2703 pro
990 2618 1074 2682 tenui
1090 2636 1157 2681 meo
1174 2636 1265 2700 posse
1281 2616 1312 2679 in
1326 2615 1374 2678 bis
1396 2613 1478 2676 deli-

272 2729 348 2793 catis
369 2729 575 2812 conjuncturis
599 2734 755 2813 praestare
778 2729 903 2801 valebo,
932 2727 1029 2792 donec
1051 2746 1144 2811 super
1167 2744 1298 2810 nuperae
1321 2744 1403 2787 meas
1420 2743 1479 2805 per

273 2857 447 2921 expressum
470 2839 576 2903 missas
601 2838 635 2903 S.
656 2838 691 2903 V.
715 2837 887 2921 acceperim
909 2836 1064 2910 mandatam
1088 2836 1161 2899 nibil
1185 2854 1258 2897 sane
1283 2833 1363 2896 aliud
1386 2830 1479 2895 doleo

273 2968 359 3032 mam
374 2949 412 3012 ad
428 2949 504 3033 qvod
521 2950 551 3013 in
566 2957 627 3013 tam
641 2948 871 3034 importantibus
887 2968 989 3013 rerum
1002 2946 1235 3011 circumstantiis
1248 2948 1280 3009 ct
1291 2942 1479 3007 imminenti-

272 3057 330 3123 bus
345 3033 514 3141 llun'gariae
537 3058 680 3143 periculis
703 3059 812 3123 nullam
832 3056 921 3143 plane
937 3055 1181 3138 benignissimam
1198 3075 1215 3117 a
1231 3052 1264 3117 S.
1277 3052 1313 3117 V.
1330 3052 1480 3137 accipiam

274 3167 523 3239 informationem,
535 3168 659 3231 multum
674 3168 772 3231 minus
788 3165 826 3229 ad
842 3184 924 3229 meas
941 3165 1032 3230 ullum
1048 3182 1241 3249 responsum
1258 3161 1366 3233 fatcor,
1382 3162 1480 3246 pudet

273 3298 321 3342 mo
337 3279 580 3362 inconspectum
596 3278 801 3341 ministrorum
816 3278 880 3342 sive
895 3276 1040 3358 hujatium
1055 3276 1120 3341 siue
1141 3278 1312 3338 exterorum
1335 3272 1478 3356 prodire;

273 3383 580 3471 incomprehensibile
604 3384 758 3450 culmillis
780 3389 845 3457 est,
867 3384 1019 3447 ministros
1035 3383 1068 3445 S.
1081 3382 1116 3445 V.
1134 3385 1192 3444 tam
1209 3380 1345 3444 sterilem
1360 3378 1478 3442 babere

273 3494 590 3578 correspondentiam,
614 3513 690 3579 quae
709 3494 747 3559 iis
762 3514 836 3558 uere
853 3497 884 3557 et
900 3512 968 3557 cum
984 3492 1082 3555 fructu
1105 3488 1265 3575 principali
1288 3508 1343 3552 suo
1360 3488 1479 3552 seruire

274 3608 325 3668 aut
341 3624 396 3688 pro
411 3604 561 3669 interesse
576 3603 643 3685 ejus
659 3604 783 3668 realiter
800 3603 948 3688 quidpiam
964 3600 1099 3673 efficere,
1116 3598 1154 3663 ob
1172 3598 1333 3663 detiectum
1350 3597 1476 3663 notitiae

274 3732 379 3777 eorum
395 3733 470 3798 quae
485 3718 625 3797 agontur,
641 3734 759 3779 omnem
774 3712 949 3799 perscindat
963 3710 1164 3777 occasionem.
1197 3708 1357 3772 Caeterum
1374 3713 1435 3771 etc.

847 3932 902 3997 ct.

412 4058 628 4125 Scbreibcn
652 4060 717 4125 des
741 4059 845 4125 subc
867 4060 1049 4123 Breuner
1072 4075 1117 4119 an
1141 4054 1333 4117 lllemeot.

582 4186 787 4278 Konigsberg,
804 4206 841 4250 ce
858 4186 911 4251 30.
929 4182 1037 4248 d'avril
1058 4182 1154 4246 1711.

549 4314 752 4379 Praesentct.
775 4312 923 4379 Berolim'
939 4309 1037 4387 1711,
1058 4308 1092 4375 7.
1109 4307 1201 4393 Maji.

366 4478 471 4561 Nuper
498 4476 593 4541 tirsius
620 4478 763 4560 respondi
791 4478 828 4541 ad
856 4477 904 4541 illa
932 4495 1009 4560 quae
1036 4474 1155 4558 priores
1181 4472 1215 4535 P.
1240 4471 1276 4534 D.
1302 4471 1337 4535 V.
1367 4471 1470 4535 literae

276 4586 488 4659 continebant,
516 4606 608 4669 super
634 4586 759 4650 materia
786 4590 1003 4671 postremarum
1031 4603 1107 4667 quae
1130 4584 1258 4645 mortem
1280 4577 1470 4663 Imperatoris
