3117 5084
281 318 357 389 leo

366 491 523 557 Incumbet
542 492 669 577 proinde
684 494 884 559 Dominationi
899 495 1026 559 Vestrae
1049 494 1087 557 de
1108 493 1155 557 bis
1173 496 1235 577 jam
1256 492 1358 559 taliter
1381 492 1483 556 insor-

275 605 354 665 mato
376 602 408 664 in
430 601 506 665 locis
528 600 637 665 debitis
659 608 773 667 mature
795 603 871 668 haec
895 609 1127 687 representare.
1150 603 1236 665 etin
1264 601 1480 666 conformitate

276 709 484 773 instructionis
512 729 585 773 suae
611 730 711 774 coram
734 712 878 777 Potentiis
903 718 935 776 et
955 712 1101 777 Ministris
1124 731 1242 783 eorum.
1272 730 1340 775 cum
1368 709 1481 794 quibus

276 816 490 899 negotiandum
505 818 536 880 in
554 820 719 882 commissis
736 819 828 883 habet
844 819 1010 893 declarare,
1025 839 1112 904 quam
1123 820 1242 883 sincero
1255 816 1481 882 serenissimus

276 926 421 1009 Princeps
444 924 569 991 ducatur
591 928 688 990 animo
708 928 737 989 in
759 928 1006 991 reconciliatione
1028 929 1115 992 Pacis
1138 927 1288 997 Publicae,
1308 926 1346 990 ad
1370 924 1480 987 eadem

275 1053 396 1119 quoque
412 1033 585 1098 accedendo
601 1035 700 1099 media
716 1056 792 1119 quae
810 1043 841 1100 et
865 1036 1015 1100 eaedem
1037 1036 1238 1099 Potentiae
1260 1054 1327 1119 pro
1350 1038 1481 1096 extre-

275 1142 343 1205 mis
364 1140 531 1205 adbibenda
548 1162 618 1205 esse
640 1149 888 1226 peraserunt.
922 1145 955 1208 Si
976 1144 1103 1228 proinde
1120 1144 1193 1207 Aula
1210 1142 1390 1207 Viennensis
1407 1140 1480 1203 leli-

276 1249 409 1314 cioribus
426 1249 504 1313 elata
520 1250 736 1333 progressibus
753 1253 924 1323 Armorum,
941 1252 1103 1317 Fortunam
1128 1251 1199 1315 belli
1223 1271 1278 1335 pro
1303 1249 1426 1313 lustitia
1450 1254 1482 1311 et

276 1358 351 1422 dure
367 1357 526 1430 habende,
548 1356 727 1423 debellatam
749 1360 850 1442 potius
866 1362 895 1423 in
918 1359 1052 1425 absoluto
1070 1360 1131 1423 Suo
1155 1359 1293 1423 Dominio
1315 1358 1482 1441 Ungariam

277 1464 400 1535 habere.
419 1486 506 1549 quam
522 1467 609 1531 iustis
620 1467 718 1549 Regni
728 1467 863 1550 Legibus
876 1474 907 1531 et
917 1468 1039 1533 duribus
1052 1470 1083 1531 in
1096 1468 1228 1549 Ungaria
1241 1484 1375 1547 regnare
1388 1466 1481 1536 velit:

277 1572 478 1637 Considerare
504 1574 597 1639 velint
619 1575 681 1656 jam
708 1577 829 1660 saepius
856 1582 1099 1660 repraesentatas
1126 1574 1325 1638 Dominationi
1348 1574 1480 1637 Vestrae

276 1683 607 1766 notascensequcntias
620 1686 928 1767 uenllungariam
944 1686 1062 1749 solum
1079 1683 1144 1748 scd
1161 1683 1310 1747 easdem
1328 1700 1481 1767 quoque

276 1790 481 1853 Petentias
498 1796 536 1853 et
551 1797 667 1855 totam
684 1793 767 1855 fere
784 1794 969 1877 Europam
986 1793 1187 1876 respicientes
1204 1796 1235 1853 et
1252 1794 1481 1874 consequenter

276 1898 511 1982 resbasqna
528 1905 700 1971 nostras,
718 1900 1029 1983 quapcblicaset
1046 1907 1131 1963 certe
1154 1920 1222 1985 qua
1243 1918 1333 1962 suas
1357 1898 1481 1961 sinon

276 2006 475 2088 proximas
498 2028 569 2070 non
592 2008 707 2090 longe
729 2014 896 2073 semotas
914 2008 1012 2072 oblato
1029 2010 1118 2072 toties
1135 2012 1359 2091 prosequantur
1376 2005 1483 2069 lavore

277 2118 310 2175 et
325 2114 351 2175 si
366 2113 413 2177 bis
429 2134 548 2198 quoque
565 2116 707 2198 praelatis
723 2117 829 2179 mediis
846 2122 965 2199 optatus
984 2116 1070 2179 nobis
1086 2117 1172 2180 Pacis
1187 2116 1396 2199 denegaretur
1411 2114 1482 2177 linis

277 2223 313 2283 in
338 2221 484 2284 futuris
508 2224 750 2287 universalis
774 2225 879 2307 pacis
903 2226 1106 2308 Europeae
1134 2223 1392 2289 Tractalibus
1416 2225 1481 2286 suis

276 2327 371 2392 Nobis
389 2334 420 2393 et
431 2330 620 2395 Justissimae
633 2331 747 2396 Causae
764 2338 885 2397 nostrae
902 2334 1010 2398 adesse
1022 2334 1116 2397 velint
1132 2333 1249 2397 ciliciis.
1275 2332 1360 2415 Quae
1373 2332 1480 2394 Domi-

276 2437 356 2500 natio
370 2436 478 2502 Vestra
497 2459 552 2522 pro
575 2440 755 2504 dexteritate
779 2462 833 2503 sua
857 2447 889 2504 et
912 2448 980 2505 nota
1005 2440 1034 2503 in
1052 2440 1286 2505 Serenissimum
1306 2441 1479 2523 Principem

278 2549 310 2606 et
326 2545 453 2608 Patriam
470 2566 553 2609 suern
570 2546 647 2619 zelo,
664 2568 699 2611 ac
716 2547 774 2611 lide
793 2569 878 2632 quam
898 2548 1129 2630 diligentissime
1146 2568 1326 2632 promerere
1351 2547 1480 2610 neverit.

277 2652 359 2715 Haec
376 2658 444 2715 sunt
461 2674 537 2739 quae
550 2655 638 2735 jussu
653 2656 847 2720 Serenissimi
865 2657 1012 2739 Principis
1025 2656 1226 2721 Dominationi
1236 2657 1364 2720 Vestrae
1382 2652 1481 2718 notifi-

281 2761 375 2825 canda
386 2761 486 2835 habui,
499 2784 536 2827 ae
549 2770 580 2827 ut
592 2764 800 2829 crebrioribus
815 2786 900 2849 qnam
913 2766 1058 2830 hactenus
1072 2767 1195 2848 scriptis
1208 2766 1279 2851 Suis
1292 2764 1331 2827 de
1344 2764 1392 2835 iis,
1405 2782 1482 2847 quae

277 2889 334 2953 per
347 2870 583 2936 Dominationem
594 2872 733 2938 Vestram
746 2878 876 2956 aguntur
887 2880 947 2937 tam
961 2874 1194 2939 serenissimum
1208 2874 1380 2957 Principem
1394 2890 1481 2955 quam

277 2982 310 3041 et
324 2998 372 3039 me
388 2979 544 3051 certioret,
560 2999 608 3043 me
625 2981 705 3043 enim
720 2981 769 3045 hie
786 2983 816 3045 in
828 2981 948 3047 Pelonia
961 2982 1023 3045 Sua
1035 2981 1150 3045 Czarea
1161 2983 1305 3064 Maiestas
1318 2980 1481 3044 aduentum

276 3104 362 3149 suum
383 3090 544 3168 expectare
561 3086 669 3159 noluit,
690 3089 949 3174 impatientissime
972 3090 1074 3174 itaque
1095 3095 1241 3174 exspecto
1258 3088 1481 3153 notificationes

276 3192 493 3256 Dominationis
510 3193 647 3257 Vestrae.

368 3297 527 3363 Caeterum
542 3299 573 3362 id
591 3320 708 3385 quoque
724 3302 925 3368 Dominatieni
941 3306 1069 3369 Vestrae
1085 3312 1187 3370 notum
1204 3325 1275 3369 esse
1290 3307 1377 3376 volo,
1401 3303 1480 3391 quod

277 3413 399 3491 praeter
415 3427 451 3469 ea
466 3408 544 3480 vina,
562 3428 639 3490 quae
655 3409 777 3493 Cellarij
793 3410 939 3494 Magister
953 3413 1147 3477 serenissimi
1165 3414 1258 3495 Regis
1270 3414 1480 3491 Borussiaein

276 3516 447 3596 praesentia
465 3516 680 3580 Dominationis
695 3518 822 3583 Vestrae
838 3524 897 3583 tam
920 3540 937 3583 a
954 3521 1157 3586 serenissimo
1174 3522 1332 3606 Principe,
1359 3542 1480 3606 quamn

276 3640 326 3683 me
348 3628 526 3705 acceperat,
553 3625 637 3706 plura
662 3646 781 3710 quoque
797 3628 872 3691 Vina
894 3634 962 3710 pest
989 3630 1154 3693 vindemias
1183 3632 1263 3695 iuxta
1286 3630 1481 3696 Contractum

277 3728 457 3809 assignanda
474 3729 587 3792 babere
603 3729 715 3804 debuit,
732 3739 763 3796 et
779 3735 878 3816 prouti
891 3736 1090 3802 Dominationi
1106 3739 1234 3803 Vestrae
1251 3746 1384 3811 constat,
1403 3739 1481 3825 quod

277 3841 378 3898 certus
393 3835 543 3899 Numerus
558 3839 691 3903 vinorum
708 3861 745 3903 ex
760 3846 847 3922 parte
863 3842 943 3907 Suae
961 3845 1143 3911 serenitatis
1162 3852 1195 3911 et
1210 3852 1314 3911 certus
1330 3847 1481 3911 Numerus

278 3948 422 4023 exparte
448 3947 633 4010 oeconomici
658 3948 781 4011 Consilii
804 3949 842 4011 de
864 3950 946 4013 Vinis
968 3952 1136 4019 Piscalibus
1159 3956 1310 4039 praestari
1338 3955 1480 4029 debebat.

278 4051 366 4131 cuius
388 4050 508 4133 quidem
529 4054 602 4115 Pars
626 4074 677 4123 ea,
700 4074 777 4137 quae
800 4076 836 4119 ex
852 4064 938 4140 parte
956 4060 1152 4127 Serenissimi
1169 4064 1318 4146 Principis
1335 4064 1481 4128 obvenire

278 4155 384 4220 debuit
399 4159 542 4240 praestita
559 4166 622 4232 est,
647 4160 787 4243 delegato
812 4164 922 4229 homini
940 4168 1085 4250 Ejusdem
1102 4170 1223 4253 Cellarij
1241 4171 1382 4253 Magistri
1400 4179 1481 4236 etex

279 4265 429 4347 llungaria
445 4266 552 4330 educta
567 4273 654 4339 sunt,
674 4267 713 4330 de
728 4290 787 4354 quo
804 4278 884 4337 extat
899 4276 988 4339 etiam
1007 4278 1172 4361 quietantia
1184 4279 1332 4360 Ejusdem
1343 4280 1481 4353 hominis,

278 4371 335 4434 alia
351 4391 422 4435 vern
436 4392 517 4456 pars,
530 4394 606 4457 quae
621 4396 657 4438 ex
673 4382 758 4458 parte
774 4383 961 4445 oeconomici
975 4384 1210 4451 administranda
1224 4388 1345 4461 luisset.
1358 4397 1482 4474 propter

276 4482 338 4541 tam
364 4482 509 4561 privatam
536 4500 623 4565 quarn
648 4482 797 4566 publicam
825 4490 1032 4556 confusionem
1060 4515 1163 4581 rerum
1191 4496 1397 4561 administrari
1427 4520 1481 4563 non
