<?xml version="1.0" encoding="UTF-8"?>
<!DOCTYPE html PUBLIC "-//W3C//DTD XHTML 1.0 Transitional//EN"
    "http://www.w3.org/TR/xhtml1/DTD/xhtml1-transitional.dtd">
<html xmlns="http://www.w3.org/1999/xhtml" xml:lang="en" lang="en">
 <head>
  <title>
</title>
<meta http-equiv="Content-Type" content="text/html;charset=utf-8" />
  <meta name='ocr-system' content='tesseract 3.04.00' />
  <meta name='ocr-capabilities' content='ocr_page ocr_carea ocr_par ocr_line ocrx_word'/>
</head>
<body>
  <div class='ocr_page' id='page_1' title='image "./fontesrerumaust22kommgoog_0106.png"; bbox 0 0 3117 5084; ppageno 0'>
   <div class='ocr_carea' id='block_1_1' title="bbox 1212 359 1264 434">
    <p class='ocr_par' dir='ltr' id='par_1_1' title="bbox 1212 359 1264 434">
     <span class='ocr_line' id='line_1_1' title="bbox 1212 359 1264 434; baseline 0.038 -2"><span class='ocrx_word' id='word_1_1' title='bbox 1212 359 1264 434; x_wconf 81' lang='lat'><strong>65</strong></span> 
     </span>
    </p>
   </div>
   <div class='ocr_carea' id='block_1_2' title="bbox 50 538 1267 4427">
    <p class='ocr_par' dir='ltr' id='par_1_2' title="bbox 50 538 1267 4427">
     <span class='ocr_line' id='line_1_2' title="bbox 50 538 1266 626; baseline -0.004 -19"><span class='ocrx_word' id='word_1_2' title='bbox 50 541 109 607; x_wconf 85' lang='lat' dir='ltr'><strong>liat</strong></span> <span class='ocrx_word' id='word_1_3' title='bbox 127 540 299 613; x_wconf 83' lang='lat' dir='ltr'>exordium,</span> <span class='ocrx_word' id='word_1_4' title='bbox 316 540 395 626; x_wconf 89' lang='lat' dir='ltr'><strong>quod</strong></span> <span class='ocrx_word' id='word_1_5' title='bbox 412 540 500 605; x_wconf 90' lang='lat' dir='ltr'><strong>unice</strong></span> <span class='ocrx_word' id='word_1_6' title='bbox 515 541 548 604; x_wconf 93' lang='lat' dir='ltr'><strong>in</strong></span> <span class='ocrx_word' id='word_1_7' title='bbox 569 560 717 624; x_wconf 86' lang='lat' dir='ltr'><strong>suspenso</strong></span> <span class='ocrx_word' id='word_1_8' title='bbox 733 545 841 604; x_wconf 89' lang='lat' dir='ltr'><strong>tenere</strong></span> <span class='ocrx_word' id='word_1_9' title='bbox 862 542 964 622; x_wconf 89' lang='lat' dir='ltr'><strong>potest</strong></span> <span class='ocrx_word' id='word_1_10' title='bbox 980 540 1140 603; x_wconf 81' lang='lat' dir='ltr'><strong>Tractatus</strong></span> <span class='ocrx_word' id='word_1_11' title='bbox 1156 538 1266 603; x_wconf 88' lang='lat' dir='ltr'><strong>turcici</strong></span> 
     </span>
     <span class='ocr_line' id='line_1_3' title="bbox 51 635 1264 733; baseline -0.002 -18"><span class='ocrx_word' id='word_1_12' title='bbox 51 651 289 716; x_wconf 78' lang='lat' dir='ltr'><strong>conclusionem</strong></span> <span class='ocrx_word' id='word_1_13' title='bbox 304 650 352 715; x_wconf 80' lang='lat' dir='ltr'><strong>rel</strong></span> <span class='ocrx_word' id='word_1_14' title='bbox 369 635 493 712; x_wconf 83' lang='lat' dir='ltr'><strong>maxime</strong></span> <span class='ocrx_word' id='word_1_15' title='bbox 509 649 535 713; x_wconf 90' lang='lat' dir='ltr'><strong>si</strong></span> <span class='ocrx_word' id='word_1_16' title='bbox 551 649 673 733; x_wconf 82' lang='lat' dir='ltr'>praevie</span> <span class='ocrx_word' id='word_1_17' title='bbox 690 648 878 712; x_wconf 89' lang='lat' dir='ltr'><strong>armistitium</strong></span> <span class='ocrx_word' id='word_1_18' title='bbox 893 649 1020 713; x_wconf 92' lang='lat' dir='ltr'><strong>iniretur</strong></span> <span class='ocrx_word' id='word_1_19' title='bbox 1032 653 1065 712; x_wconf 95' lang='lat' dir='ltr'><strong>ut</strong></span> <span class='ocrx_word' id='word_1_20' title='bbox 1075 652 1176 712; x_wconf 91' lang='lat' dir='ltr'><strong>tamen</strong></span> <span class='ocrx_word' id='word_1_21' title='bbox 1189 668 1264 732; x_wconf 86' lang='lat' dir='ltr'><strong>opus</strong></span> 
     </span>
     <span class='ocr_line' id='line_1_4' title="bbox 51 757 1263 843; baseline -0.002 -19"><span class='ocrx_word' id='word_1_22' title='bbox 51 761 118 824; x_wconf 89' lang='lat' dir='ltr'><strong>hoc</strong></span> <span class='ocrx_word' id='word_1_23' title='bbox 128 759 273 823; x_wconf 81' lang='lat' dir='ltr'><strong>ellectum</strong></span> <span class='ocrx_word' id='word_1_24' title='bbox 282 759 472 823; x_wconf 77' lang='lat' dir='ltr'><strong>nanciscatur</strong></span> <span class='ocrx_word' id='word_1_25' title='bbox 482 757 519 822; x_wconf 92' lang='lat' dir='ltr'><strong>ab</strong></span> <span class='ocrx_word' id='word_1_26' title='bbox 528 758 634 823; x_wconf 90' lang='lat' dir='ltr'><strong>alliatis</strong></span> <span class='ocrx_word' id='word_1_27' title='bbox 643 763 783 843; x_wconf 88' lang='lat' dir='ltr'><strong>tanquam</strong></span> <span class='ocrx_word' id='word_1_28' title='bbox 794 757 1008 822; x_wconf 81' lang='lat' dir='ltr'><strong>mediatoribus</strong></span> <span class='ocrx_word' id='word_1_29' title='bbox 1020 758 1147 841; x_wconf 87' lang='lat' dir='ltr'><strong>proponi</strong></span> <span class='ocrx_word' id='word_1_30' title='bbox 1160 757 1263 830; x_wconf 90' lang='lat' dir='ltr'><strong>debet,</strong></span> 
     </span>
     <span class='ocr_line' id='line_1_5' title="bbox 54 866 1264 951; baseline -0.001 -19"><span class='ocrx_word' id='word_1_31' title='bbox 54 873 181 932; x_wconf 87' lang='lat' dir='ltr'><strong>certum</strong></span> <span class='ocrx_word' id='word_1_32' title='bbox 198 868 278 932; x_wconf 91' lang='lat' dir='ltr'><strong>enim</strong></span> <span class='ocrx_word' id='word_1_33' title='bbox 290 872 535 951; x_wconf 88' lang='lat' dir='ltr'><strong>compertumque</strong></span> <span class='ocrx_word' id='word_1_34' title='bbox 546 867 643 931; x_wconf 90' lang='lat' dir='ltr'><strong>habeo</strong></span> <span class='ocrx_word' id='word_1_35' title='bbox 657 886 806 951; x_wconf 85' lang='lat' dir='ltr'><strong>nunqnam</strong></span> <span class='ocrx_word' id='word_1_36' title='bbox 820 866 857 930; x_wconf 90' lang='lat' dir='ltr'><strong>ad</strong></span> <span class='ocrx_word' id='word_1_37' title='bbox 869 867 928 931; x_wconf 87' lang='lat' dir='ltr'><strong>bne</strong></span> <span class='ocrx_word' id='word_1_38' title='bbox 941 867 1037 930; x_wconf 90' lang='lat' dir='ltr'><strong>aulam</strong></span> <span class='ocrx_word' id='word_1_39' title='bbox 1043 866 1264 932; x_wconf 90' lang='lat' dir='ltr'><strong>Wiennensem</strong></span> 
     </span>
     <span class='ocr_line' id='line_1_6' title="bbox 55 975 1263 1060; baseline 0.001 -21"><span class='ocrx_word' id='word_1_40' title='bbox 55 995 107 1039; x_wconf 91' lang='lat' dir='ltr'><strong>me</strong></span> <span class='ocrx_word' id='word_1_41' title='bbox 125 980 320 1060; x_wconf 79' lang='lat' dir='ltr'><strong>proponente</strong></span> <span class='ocrx_word' id='word_1_42' title='bbox 336 975 618 1040; x_wconf 80' lang='lat' dir='ltr'><strong>condescensumm.</strong></span> <span class='ocrx_word' id='word_1_43' title='bbox 650 975 735 1057; x_wconf 83' lang='lat' dir='ltr'><strong>Quod</strong></span> <span class='ocrx_word' id='word_1_44' title='bbox 755 976 784 1040; x_wconf 87' lang='lat' dir='ltr'><strong>si</strong></span> <span class='ocrx_word' id='word_1_45' title='bbox 798 975 891 1057; x_wconf 87' lang='lat' dir='ltr'><strong>igitur</strong></span> <span class='ocrx_word' id='word_1_46' title='bbox 906 975 995 1039; x_wconf 90' lang='lat' dir='ltr'><strong>etiam</strong></span> <span class='ocrx_word' id='word_1_47' title='bbox 1010 975 1130 1040; x_wconf 85' lang='lat' dir='ltr'><strong>ridetur</strong></span> <span class='ocrx_word' id='word_1_48' title='bbox 1145 980 1263 1060; x_wconf 87' lang='lat' dir='ltr'><strong>ruptam</strong></span> 
     </span>
     <span class='ocr_line' id='line_1_7' title="bbox 56 1082 1263 1169; baseline -0.002 -20"><span class='ocrx_word' id='word_1_49' title='bbox 56 1087 238 1168; x_wconf 87' lang='lat' dir='ltr'><strong>Hagensem</strong></span> <span class='ocrx_word' id='word_1_50' title='bbox 245 1085 485 1166; x_wconf 83' lang='lat' dir='ltr'><strong>Negotiationem</strong></span> <span class='ocrx_word' id='word_1_51' title='bbox 497 1086 564 1169; x_wconf 91' lang='lat' dir='ltr'><strong>plus</strong></span> <span class='ocrx_word' id='word_1_52' title='bbox 577 1084 720 1168; x_wconf 90' lang='lat' dir='ltr'><strong>temporis</strong></span> <span class='ocrx_word' id='word_1_53' title='bbox 733 1083 770 1147; x_wconf 91' lang='lat' dir='ltr'><strong>ad</strong></span> <span class='ocrx_word' id='word_1_54' title='bbox 783 1083 859 1147; x_wconf 88' lang='lat' dir='ltr'><strong>haec</strong></span> <span class='ocrx_word' id='word_1_55' title='bbox 870 1082 1055 1168; x_wconf 84' lang='lat' dir='ltr'><strong>perficienda</strong></span> <span class='ocrx_word' id='word_1_56' title='bbox 1068 1084 1263 1168; x_wconf 81' lang='lat' dir='ltr'><strong>suppeditare</strong></span> 
     </span>
     <span class='ocr_line' id='line_1_8' title="bbox 58 1187 1266 1277; baseline 0.001 -22"><span class='ocrx_word' id='word_1_57' title='bbox 58 1193 233 1277; x_wconf 89' lang='lat' dir='ltr'><strong>periculum</strong></span> <span class='ocrx_word' id='word_1_58' title='bbox 248 1197 349 1256; x_wconf 91' lang='lat' dir='ltr'><strong>tamen</strong></span> <span class='ocrx_word' id='word_1_59' title='bbox 364 1193 395 1254; x_wconf 91' lang='lat' dir='ltr'><strong>in</strong></span> <span class='ocrx_word' id='word_1_60' title='bbox 409 1212 492 1257; x_wconf 91' lang='lat' dir='ltr'><strong>mora</strong></span> <span class='ocrx_word' id='word_1_61' title='bbox 509 1197 557 1257; x_wconf 90' lang='lat' dir='ltr'><strong>est</strong></span> <span class='ocrx_word' id='word_1_62' title='bbox 572 1197 605 1256; x_wconf 92' lang='lat' dir='ltr'><strong>ut</strong></span> <span class='ocrx_word' id='word_1_63' title='bbox 621 1193 798 1276; x_wconf 88' lang='lat' dir='ltr'><strong>quantocius</strong></span> <span class='ocrx_word' id='word_1_64' title='bbox 814 1194 930 1256; x_wconf 85' lang='lat' dir='ltr'><strong>rescire</strong></span> <span class='ocrx_word' id='word_1_65' title='bbox 947 1187 1061 1277; x_wconf 84' lang='lat' dir='ltr'><strong>possini</strong></span> <span class='ocrx_word' id='word_1_66' title='bbox 1077 1193 1149 1276; x_wconf 83' lang='lat' dir='ltr'><strong>quid</strong></span> <span class='ocrx_word' id='word_1_67' title='bbox 1173 1192 1266 1256; x_wconf 92' lang='lat' dir='ltr'><strong>medii</strong></span> 
     </span>
     <span class='ocr_line' id='line_1_9' title="bbox 61 1299 1266 1386; baseline -0.001 -22"><span class='ocrx_word' id='word_1_68' title='bbox 61 1301 213 1364; x_wconf 87' lang='lat' dir='ltr'><strong>adbibere</strong></span> <span class='ocrx_word' id='word_1_69' title='bbox 243 1301 337 1366; x_wconf 83' lang='lat' dir='ltr'><strong>velint</strong></span> <span class='ocrx_word' id='word_1_70' title='bbox 363 1299 455 1364; x_wconf 91' lang='lat' dir='ltr'><strong>alliati</strong></span> <span class='ocrx_word' id='word_1_71' title='bbox 484 1300 522 1364; x_wconf 92' lang='lat' dir='ltr'><strong>ad</strong></span> <span class='ocrx_word' id='word_1_72' title='bbox 548 1302 630 1383; x_wconf 89' lang='lat' dir='ltr'><strong>justa</strong></span> <span class='ocrx_word' id='word_1_73' title='bbox 658 1306 690 1365; x_wconf 93' lang='lat' dir='ltr'><strong>et</strong></span> <span class='ocrx_word' id='word_1_74' title='bbox 717 1321 813 1386; x_wconf 86' lang='lat' dir='ltr'><strong>aequa</strong></span> <span class='ocrx_word' id='word_1_75' title='bbox 841 1300 1021 1383; x_wconf 85' lang='lat' dir='ltr'><strong>adigendum</strong></span> <span class='ocrx_word' id='word_1_76' title='bbox 1051 1303 1266 1385; x_wconf 86' lang='lat' dir='ltr'><strong>Imperatorem</strong></span> 
     </span>
     <span class='ocr_line' id='line_1_10' title="bbox 62 1410 1265 1495; baseline 0.001 -23"><span class='ocrx_word' id='word_1_77' title='bbox 62 1431 167 1495; x_wconf 91' lang='lat' dir='ltr'><strong>neque</strong></span> <span class='ocrx_word' id='word_1_78' title='bbox 196 1410 278 1474; x_wconf 90' lang='lat' dir='ltr'><strong>enim</strong></span> <span class='ocrx_word' id='word_1_79' title='bbox 304 1411 370 1474; x_wconf 90' lang='lat' dir='ltr'><strong>sinc</strong></span> <span class='ocrx_word' id='word_1_80' title='bbox 398 1410 579 1474; x_wconf 86' lang='lat' dir='ltr'><strong>certitudine</strong></span> <span class='ocrx_word' id='word_1_81' title='bbox 601 1410 767 1476; x_wconf 81' lang='lat' dir='ltr'><strong>&#39;l&#39;urcarum</strong></span> <span class='ocrx_word' id='word_1_82' title='bbox 796 1416 995 1476; x_wconf 83' lang='lat' dir='ltr'><strong>contemnere</strong></span> <span class='ocrx_word' id='word_1_83' title='bbox 1023 1430 1147 1494; x_wconf 87' lang='lat' dir='ltr'><strong>possum</strong></span> <span class='ocrx_word' id='word_1_84' title='bbox 1174 1429 1265 1494; x_wconf 93' lang='lat' dir='ltr'><strong>opem</strong></span> 
     </span>
     <span class='ocr_line' id='line_1_11' title="bbox 64 1518 1267 1604; baseline 0 -21"><span class='ocrx_word' id='word_1_85' title='bbox 64 1518 153 1602; x_wconf 85' lang='lat' dir='ltr'><strong>Quod</strong></span> <span class='ocrx_word' id='word_1_86' title='bbox 165 1520 282 1582; x_wconf 80' lang='lat' dir='ltr'><strong>Puncta</strong></span> <span class='ocrx_word' id='word_1_87' title='bbox 293 1519 422 1582; x_wconf 80' lang='lat' dir='ltr'><strong>hundini</strong></span> <span class='ocrx_word' id='word_1_88' title='bbox 438 1519 591 1602; x_wconf 92' lang='lat' dir='ltr'><strong>proposita</strong></span> <span class='ocrx_word' id='word_1_89' title='bbox 609 1519 715 1584; x_wconf 85' lang='lat' dir='ltr'><strong>attinet</strong></span> <span class='ocrx_word' id='word_1_90' title='bbox 731 1538 821 1583; x_wconf 93' lang='lat' dir='ltr'><strong>unum</strong></span> <span class='ocrx_word' id='word_1_91' title='bbox 837 1525 886 1584; x_wconf 93' lang='lat' dir='ltr'><strong>est</strong></span> <span class='ocrx_word' id='word_1_92' title='bbox 903 1520 983 1604; x_wconf 87' lang='lat' dir='ltr'><strong>quod</strong></span> <span class='ocrx_word' id='word_1_93' title='bbox 999 1541 1036 1584; x_wconf 80' lang='lat' dir='ltr'><strong>ex</strong></span> <span class='ocrx_word' id='word_1_94' title='bbox 1046 1519 1267 1584; x_wconf 89' lang='lat' dir='ltr'><strong>Essentialibus</strong></span> 
     </span>
     <span class='ocr_line' id='line_1_12' title="bbox 63 1627 1267 1715; baseline 0.002 -25"><span class='ocrx_word' id='word_1_95' title='bbox 63 1628 209 1692; x_wconf 85' lang='lat' dir='ltr'><strong>omisistis</strong></span> <span class='ocrx_word' id='word_1_96' title='bbox 225 1627 426 1715; x_wconf 75' lang='lat' dir='ltr'><strong>⁸baereditatis</strong></span> <span class='ocrx_word' id='word_1_97' title='bbox 450 1646 558 1711; x_wconf 89' lang='lat' dir='ltr'><strong>nempe</strong></span> <span class='ocrx_word' id='word_1_98' title='bbox 574 1627 859 1712; x_wconf 85' lang='lat' dir='ltr'><strong>interpretationem</strong></span> <span class='ocrx_word' id='word_1_99' title='bbox 881 1647 970 1712; x_wconf 89' lang='lat' dir='ltr'><strong>quam</strong></span> <span class='ocrx_word' id='word_1_100' title='bbox 991 1627 1096 1692; x_wconf 89' lang='lat' dir='ltr'><strong>domus</strong></span> <span class='ocrx_word' id='word_1_101' title='bbox 1119 1629 1267 1692; x_wconf 89' lang='lat' dir='ltr'><strong>austriaca</strong></span> 
     </span>
     <span class='ocr_line' id='line_1_13' title="bbox 62 1735 1267 1822; baseline 0 -22"><span class='ocrx_word' id='word_1_102' title='bbox 62 1756 189 1821; x_wconf 86' lang='lat' dir='ltr'><strong>semper</strong></span> <span class='ocrx_word' id='word_1_103' title='bbox 206 1737 291 1820; x_wconf 83' lang='lat' dir='ltr'><strong>quasi</strong></span> <span class='ocrx_word' id='word_1_104' title='bbox 302 1736 353 1818; x_wconf 87' lang='lat' dir='ltr'><strong>jus</strong></span> <span class='ocrx_word' id='word_1_105' title='bbox 368 1737 523 1800; x_wconf 87' lang='lat' dir='ltr'><strong>herulatus</strong></span> <span class='ocrx_word' id='word_1_106' title='bbox 540 1735 598 1801; x_wconf 87' lang='lat' dir='ltr'><strong>sibi</strong></span> <span class='ocrx_word' id='word_1_107' title='bbox 609 1735 724 1800; x_wconf 91' lang='lat' dir='ltr'><strong>debere</strong></span> <span class='ocrx_word' id='word_1_108' title='bbox 737 1736 952 1819; x_wconf 89' lang='lat' dir='ltr'><strong>praetenderat</strong></span> <span class='ocrx_word' id='word_1_109' title='bbox 963 1737 994 1800; x_wconf 93' lang='lat' dir='ltr'><strong>in</strong></span> <span class='ocrx_word' id='word_1_110' title='bbox 1006 1757 1065 1822; x_wconf 86' lang='lat' dir='ltr'><strong>quo</strong></span> <span class='ocrx_word' id='word_1_111' title='bbox 1080 1735 1267 1800; x_wconf 87' lang='lat' dir='ltr'><strong>arbitrariam</strong></span> 
     </span>
     <span class='ocr_line' id='line_1_14' title="bbox 60 1843 1266 1928; baseline 0 -20"><span class='ocrx_word' id='word_1_112' title='bbox 60 1865 145 1910; x_wconf 85' lang='lat' dir='ltr'><strong>suam</strong></span> <span class='ocrx_word' id='word_1_113' title='bbox 153 1845 342 1909; x_wconf 87' lang='lat' dir='ltr'><strong>Potestatem</strong></span> <span class='ocrx_word' id='word_1_114' title='bbox 355 1845 556 1910; x_wconf 84' lang='lat' dir='ltr'><strong>collocaverat</strong></span> <span class='ocrx_word' id='word_1_115' title='bbox 567 1864 623 1927; x_wconf 88' lang='lat' dir='ltr'><strong>qua</strong></span> <span class='ocrx_word' id='word_1_116' title='bbox 637 1847 763 1927; x_wconf 91' lang='lat' dir='ltr'><strong>propter</strong></span> <span class='ocrx_word' id='word_1_117' title='bbox 771 1846 842 1926; x_wconf 78' lang='lat' dir='ltr'><strong>Jure</strong></span> <span class='ocrx_word' id='word_1_118' title='bbox 854 1845 962 1908; x_wconf 90' lang='lat' dir='ltr'><strong>merito</strong></span> <span class='ocrx_word' id='word_1_119' title='bbox 970 1844 1045 1926; x_wconf 82' lang='lat' dir='ltr'><strong>Ejus</strong></span> <span class='ocrx_word' id='word_1_120' title='bbox 1057 1843 1266 1928; x_wconf 88' lang='lat' dir='ltr'><strong>interpretatio</strong></span> 
     </span>
     <span class='ocr_line' id='line_1_15' title="bbox 58 1952 1266 2039; baseline -0.001 -21"><span class='ocrx_word' id='word_1_121' title='bbox 58 1953 223 2039; x_wconf 89' lang='lat' dir='ltr'><strong>praetendi</strong></span> <span class='ocrx_word' id='word_1_122' title='bbox 236 1957 337 2036; x_wconf 92' lang='lat' dir='ltr'><strong>potest</strong></span> <span class='ocrx_word' id='word_1_123' title='bbox 348 1953 388 2017; x_wconf 91' lang='lat' dir='ltr'><strong>ita</strong></span> <span class='ocrx_word' id='word_1_124' title='bbox 401 1953 549 2025; x_wconf 88' lang='lat' dir='ltr'><strong>nimirum,</strong></span> <span class='ocrx_word' id='word_1_125' title='bbox 561 1957 595 2016; x_wconf 86' lang='lat' dir='ltr'><strong>ut</strong></span> <span class='ocrx_word' id='word_1_126' title='bbox 606 1953 657 2035; x_wconf 89' lang='lat' dir='ltr'><strong>jus</strong></span> <span class='ocrx_word' id='word_1_127' title='bbox 669 1952 903 2017; x_wconf 88' lang='lat' dir='ltr'><strong>haereditarium</strong></span> <span class='ocrx_word' id='word_1_128' title='bbox 914 1953 956 2016; x_wconf 90' lang='lat' dir='ltr'><strong>ita</strong></span> <span class='ocrx_word' id='word_1_129' title='bbox 968 1953 1154 2035; x_wconf 84' lang='lat' dir='ltr'><strong>intelligatur</strong></span> <span class='ocrx_word' id='word_1_130' title='bbox 1165 1957 1266 2036; x_wconf 88' lang='lat' dir='ltr'><strong>prout,</strong></span> 
     </span>
     <span class='ocr_line' id='line_1_16' title="bbox 60 2060 1266 2145; baseline -0.002 -18"><span class='ocrx_word' id='word_1_131' title='bbox 60 2064 220 2127; x_wconf 86' lang='lat' dir='ltr'><strong>successio</strong></span> <span class='ocrx_word' id='word_1_132' title='bbox 233 2063 264 2125; x_wconf 92' lang='lat' dir='ltr'><strong>in</strong></span> <span class='ocrx_word' id='word_1_133' title='bbox 277 2062 422 2126; x_wconf 82' lang='lat' dir='ltr'><strong>Coronam</strong></span> <span class='ocrx_word' id='word_1_134' title='bbox 435 2063 467 2124; x_wconf 91' lang='lat' dir='ltr'><strong>in</strong></span> <span class='ocrx_word' id='word_1_135' title='bbox 479 2062 577 2142; x_wconf 88' lang='lat' dir='ltr'><strong>anglia</strong></span> <span class='ocrx_word' id='word_1_136' title='bbox 594 2081 651 2144; x_wconf 88' lang='lat' dir='ltr'><strong>qua</strong></span> <span class='ocrx_word' id='word_1_137' title='bbox 667 2061 818 2124; x_wconf 89' lang='lat' dir='ltr'><strong>mediante</strong></span> <span class='ocrx_word' id='word_1_138' title='bbox 835 2061 907 2125; x_wconf 89' lang='lat' dir='ltr'><strong>nihil</strong></span> <span class='ocrx_word' id='word_1_139' title='bbox 923 2062 990 2145; x_wconf 88' lang='lat' dir='ltr'><strong>plus</strong></span> <span class='ocrx_word' id='word_1_140' title='bbox 1004 2061 1082 2144; x_wconf 89' lang='lat' dir='ltr'><strong>juris</strong></span> <span class='ocrx_word' id='word_1_141' title='bbox 1099 2081 1192 2144; x_wconf 82' lang='lat' dir='ltr'><strong>reges</strong></span> <span class='ocrx_word' id='word_1_142' title='bbox 1208 2060 1266 2126; x_wconf 91' lang='lat' dir='ltr'><strong>sibi</strong></span> 
     </span>
     <span class='ocr_line' id='line_1_17' title="bbox 61 2166 1266 2256; baseline -0.002 -20"><span class='ocrx_word' id='word_1_143' title='bbox 61 2171 262 2256; x_wconf 87' lang='lat' dir='ltr'><strong>appropriare</strong></span> <span class='ocrx_word' id='word_1_144' title='bbox 278 2175 404 2254; x_wconf 86' lang='lat' dir='ltr'><strong>possunt</strong></span> <span class='ocrx_word' id='word_1_145' title='bbox 420 2188 508 2253; x_wconf 85' lang='lat' dir='ltr'><strong>quam</strong></span> <span class='ocrx_word' id='word_1_146' title='bbox 524 2169 603 2252; x_wconf 92' lang='lat' dir='ltr'><strong>quod</strong></span> <span class='ocrx_word' id='word_1_147' title='bbox 616 2166 728 2232; x_wconf 85' lang='lat' dir='ltr'><strong>habent</strong></span> <span class='ocrx_word' id='word_1_148' title='bbox 743 2189 800 2252; x_wconf 92' lang='lat' dir='ltr'><strong>per</strong></span> <span class='ocrx_word' id='word_1_149' title='bbox 814 2169 901 2250; x_wconf 78' lang='lat' dir='ltr'><strong>leges</strong></span> <span class='ocrx_word' id='word_1_150' title='bbox 917 2168 1028 2234; x_wconf 90' lang='lat' dir='ltr'><strong>datum.</strong></span> <span class='ocrx_word' id='word_1_151' title='bbox 1055 2169 1101 2232; x_wconf 78' lang='lat' dir='ltr'><strong>lld</strong></span> <span class='ocrx_word' id='word_1_152' title='bbox 1116 2189 1266 2254; x_wconf 82' lang='lat' dir='ltr'><strong>exopera·</strong></span> 
     </span>
     <span class='ocr_line' id='line_1_18' title="bbox 61 2277 1266 2362; baseline -0.002 -18"><span class='ocrx_word' id='word_1_153' title='bbox 61 2281 178 2345; x_wconf 88' lang='lat' dir='ltr'><strong>tionem</strong></span> <span class='ocrx_word' id='word_1_154' title='bbox 202 2280 295 2362; x_wconf 83' lang='lat' dir='ltr'><strong>igitur</strong></span> <span class='ocrx_word' id='word_1_155' title='bbox 316 2277 424 2341; x_wconf 92' lang='lat' dir='ltr'><strong>horum</strong></span> <span class='ocrx_word' id='word_1_156' title='bbox 444 2278 505 2342; x_wconf 89' lang='lat' dir='ltr'><strong>iter</strong></span> <span class='ocrx_word' id='word_1_157' title='bbox 527 2277 670 2342; x_wconf 89' lang='lat' dir='ltr'><strong>assumite</strong></span> <span class='ocrx_word' id='word_1_158' title='bbox 693 2295 782 2359; x_wconf 90' lang='lat' dir='ltr'><strong>quam</strong></span> <span class='ocrx_word' id='word_1_159' title='bbox 805 2277 948 2341; x_wconf 88' lang='lat' dir='ltr'><strong>citissime</strong></span> <span class='ocrx_word' id='word_1_160' title='bbox 973 2277 1010 2342; x_wconf 91' lang='lat' dir='ltr'><strong>ad</strong></span> <span class='ocrx_word' id='word_1_161' title='bbox 1032 2277 1148 2342; x_wconf 89' lang='lat' dir='ltr'><strong>alliatos</strong></span> <span class='ocrx_word' id='word_1_162' title='bbox 1171 2283 1202 2342; x_wconf 90' lang='lat' dir='ltr'><strong>et</strong></span> <span class='ocrx_word' id='word_1_163' title='bbox 1217 2298 1266 2342; x_wconf 88' lang='lat' dir='ltr'><strong>me</strong></span> 
     </span>
     <span class='ocr_line' id='line_1_19' title="bbox 61 2385 1265 2471; baseline -0.002 -18"><span class='ocrx_word' id='word_1_164' title='bbox 61 2388 184 2453; x_wconf 89' lang='lat' dir='ltr'><strong>reddite</strong></span> <span class='ocrx_word' id='word_1_165' title='bbox 201 2391 312 2471; x_wconf 88' lang='lat' dir='ltr'><strong>quanto</strong></span> <span class='ocrx_word' id='word_1_166' title='bbox 325 2387 446 2470; x_wconf 89' lang='lat' dir='ltr'><strong>saepius</strong></span> <span class='ocrx_word' id='word_1_167' title='bbox 460 2385 527 2448; x_wconf 85' lang='lat' dir='ltr'><strong>lieri</strong></span> <span class='ocrx_word' id='word_1_168' title='bbox 538 2386 651 2470; x_wconf 90' lang='lat' dir='ltr'><strong>poterit</strong></span> <span class='ocrx_word' id='word_1_169' title='bbox 663 2385 700 2448; x_wconf 90' lang='lat' dir='ltr'><strong>de</strong></span> <span class='ocrx_word' id='word_1_170' title='bbox 712 2405 880 2468; x_wconf 85' lang='lat' dir='ltr'><strong>progressu</strong></span> <span class='ocrx_word' id='word_1_171' title='bbox 893 2405 1014 2450; x_wconf 92' lang='lat' dir='ltr'><strong>suarum</strong></span> <span class='ocrx_word' id='word_1_172' title='bbox 1023 2385 1265 2468; x_wconf 81' lang='lat' dir='ltr'><strong>Negotiationum</strong></span> 
     </span>
     <span class='ocr_line' id='line_1_20' title="bbox 63 2493 1265 2577; baseline -0.002 -15"><span class='ocrx_word' id='word_1_173' title='bbox 63 2498 231 2562; x_wconf 88' lang='lat' dir='ltr'><strong>certiorem</strong></span> <span class='ocrx_word' id='word_1_174' title='bbox 257 2500 289 2560; x_wconf 90' lang='lat' dir='ltr'><strong>ut</strong></span> <span class='ocrx_word' id='word_1_175' title='bbox 316 2495 432 2559; x_wconf 89' lang='lat' dir='ltr'><strong>interea</strong></span> <span class='ocrx_word' id='word_1_176' title='bbox 459 2498 491 2557; x_wconf 89' lang='lat' dir='ltr'><strong>et</strong></span> <span class='ocrx_word' id='word_1_177' title='bbox 518 2493 567 2556; x_wconf 90' lang='lat' dir='ltr'><strong>hic</strong></span> <span class='ocrx_word' id='word_1_178' title='bbox 595 2493 753 2577; x_wconf 84' lang='lat' dir='ltr'><strong>exuperari</strong></span> <span class='ocrx_word' id='word_1_179' title='bbox 781 2495 896 2557; x_wconf 87' lang='lat' dir='ltr'><strong>valeam</strong></span> <span class='ocrx_word' id='word_1_180' title='bbox 923 2515 977 2565; x_wconf 89' lang='lat' dir='ltr'><strong>ea,</strong></span> <span class='ocrx_word' id='word_1_181' title='bbox 1006 2514 1083 2577; x_wconf 89' lang='lat' dir='ltr'><strong>quae</strong></span> <span class='ocrx_word' id='word_1_182' title='bbox 1103 2494 1142 2557; x_wconf 91' lang='lat' dir='ltr'><strong>ad</strong></span> <span class='ocrx_word' id='word_1_183' title='bbox 1168 2495 1265 2559; x_wconf 89' lang='lat' dir='ltr'><strong>hocce</strong></span> 
     </span>
     <span class='ocr_line' id='line_1_21' title="bbox 63 2601 1267 2688; baseline -0.004 -19"><span class='ocrx_word' id='word_1_184' title='bbox 63 2606 221 2688; x_wconf 88' lang='lat' dir='ltr'><strong>negotium</strong></span> <span class='ocrx_word' id='word_1_185' title='bbox 232 2605 425 2688; x_wconf 90' lang='lat' dir='ltr'><strong>appertinerc</strong></span> <span class='ocrx_word' id='word_1_186' title='bbox 439 2602 627 2666; x_wconf 85' lang='lat' dir='ltr'><strong>ridebuntur.</strong></span> <span class='ocrx_word' id='word_1_187' title='bbox 652 2601 729 2665; x_wconf 89' lang='lat' dir='ltr'><strong>Dum</strong></span> <span class='ocrx_word' id='word_1_188' title='bbox 745 2607 905 2683; x_wconf 89' lang='lat' dir='ltr'><strong>praeterea</strong></span> <span class='ocrx_word' id='word_1_189' title='bbox 916 2601 1100 2666; x_wconf 90' lang='lat' dir='ltr'><strong>mentionem</strong></span> <span class='ocrx_word' id='word_1_190' title='bbox 1111 2601 1267 2665; x_wconf 90' lang='lat' dir='ltr'><strong>literarum</strong></span> 
     </span>
     <span class='ocr_line' id='line_1_22' title="bbox 63 2709 1266 2796; baseline -0.004 -18"><span class='ocrx_word' id='word_1_191' title='bbox 63 2719 236 2778; x_wconf 71' lang='lat' dir='ltr'><strong>neumarum</strong></span> <span class='ocrx_word' id='word_1_192' title='bbox 248 2711 279 2776; x_wconf 81' lang='lat'><strong>4.</strong></span> <span class='ocrx_word' id='word_1_193' title='bbox 293 2713 394 2796; x_wconf 89' lang='lat' dir='ltr'><strong>aprilis</strong></span> <span class='ocrx_word' id='word_1_194' title='bbox 412 2711 510 2776; x_wconf 87' lang='lat' dir='ltr'><strong>facitis</strong></span> <span class='ocrx_word' id='word_1_195' title='bbox 527 2709 613 2774; x_wconf 91' lang='lat' dir='ltr'><strong>nobis</strong></span> <span class='ocrx_word' id='word_1_196' title='bbox 630 2713 855 2794; x_wconf 89' lang='lat' dir='ltr'><strong>peropportune</strong></span> <span class='ocrx_word' id='word_1_197' title='bbox 871 2709 1005 2774; x_wconf 91' lang='lat' dir='ltr'><strong>occurrit</strong></span> <span class='ocrx_word' id='word_1_198' title='bbox 1020 2710 1136 2774; x_wconf 87' lang='lat' dir='ltr'><strong>rescire</strong></span> <span class='ocrx_word' id='word_1_199' title='bbox 1152 2710 1266 2775; x_wconf 82' lang='lat' dir='ltr'><strong>arobis</strong></span> 
     </span>
     <span class='ocr_line' id='line_1_23' title="bbox 65 2817 1265 2902; baseline -0.005 -15"><span class='ocrx_word' id='word_1_200' title='bbox 65 2841 133 2887; x_wconf 90' lang='lat' dir='ltr'><strong>num</strong></span> <span class='ocrx_word' id='word_1_201' title='bbox 156 2820 312 2885; x_wconf 85' lang='lat' dir='ltr'><strong>vobiscum</strong></span> <span class='ocrx_word' id='word_1_202' title='bbox 328 2821 412 2884; x_wconf 90' lang='lat' dir='ltr'><strong>Dnus</strong></span> <span class='ocrx_word' id='word_1_203' title='bbox 428 2817 585 2885; x_wconf 81' lang='lat' dir='ltr'><strong>Jablonslri</strong></span> <span class='ocrx_word' id='word_1_204' title='bbox 607 2819 849 2890; x_wconf 87' lang='lat' dir='ltr'><strong>communicarit,</strong></span> <span class='ocrx_word' id='word_1_205' title='bbox 875 2839 948 2902; x_wconf 89' lang='lat' dir='ltr'><strong>quas</strong></span> <span class='ocrx_word' id='word_1_206' title='bbox 970 2819 1015 2883; x_wconf 95' lang='lat' dir='ltr'><strong>illi</strong></span> <span class='ocrx_word' id='word_1_207' title='bbox 1036 2819 1265 2902; x_wconf 87' lang='lat' dir='ltr'><strong>scripseramus,</strong></span> 
     </span>
     <span class='ocr_line' id='line_1_24' title="bbox 64 2926 1266 3013; baseline -0.002 -19"><span class='ocrx_word' id='word_1_208' title='bbox 64 2931 212 2995; x_wconf 74' lang='lat' dir='ltr'><strong>vellemus</strong></span> <span class='ocrx_word' id='word_1_209' title='bbox 237 2929 375 3013; x_wconf 90' lang='lat' dir='ltr'><strong>equidem</strong></span> <span class='ocrx_word' id='word_1_210' title='bbox 401 2933 431 2992; x_wconf 92' lang='lat' dir='ltr'><strong>et</strong></span> <span class='ocrx_word' id='word_1_211' title='bbox 447 2948 464 2992; x_wconf 89' lang='lat' dir='ltr'><strong>a</strong></span> <span class='ocrx_word' id='word_1_212' title='bbox 480 2927 564 2992; x_wconf 89' lang='lat' dir='ltr'><strong>vobis</strong></span> <span class='ocrx_word' id='word_1_213' title='bbox 580 2927 744 3010; x_wconf 87' lang='lat' dir='ltr'><strong>punctatim</strong></span> <span class='ocrx_word' id='word_1_214' title='bbox 761 2927 916 2991; x_wconf 76' lang='lat' dir='ltr'><strong>informari</strong></span> <span class='ocrx_word' id='word_1_215' title='bbox 933 2947 1093 3010; x_wconf 90' lang='lat' dir='ltr'><strong>quaenam</strong></span> <span class='ocrx_word' id='word_1_216' title='bbox 1109 2928 1149 2992; x_wconf 91' lang='lat' dir='ltr'><strong>sit</strong></span> <span class='ocrx_word' id='word_1_217' title='bbox 1165 2927 1203 2992; x_wconf 90' lang='lat' dir='ltr'><strong>de</strong></span> <span class='ocrx_word' id='word_1_218' title='bbox 1219 2926 1266 2991; x_wconf 86' lang='lat' dir='ltr'><strong>lris</strong></span> 
     </span>
     <span class='ocr_line' id='line_1_25' title="bbox 65 3035 1265 3120; baseline -0.003 -18"><span class='ocrx_word' id='word_1_219' title='bbox 65 3037 234 3102; x_wconf 88' lang='lat' dir='ltr'><strong>alliatorum</strong></span> <span class='ocrx_word' id='word_1_220' title='bbox 257 3039 398 3109; x_wconf 91' lang='lat' dir='ltr'><strong>intentio,</strong></span> <span class='ocrx_word' id='word_1_221' title='bbox 422 3057 498 3120; x_wconf 89' lang='lat' dir='ltr'><strong>quae</strong></span> <span class='ocrx_word' id='word_1_222' title='bbox 520 3037 546 3100; x_wconf 90' lang='lat' dir='ltr'><strong>si</strong></span> <span class='ocrx_word' id='word_1_223' title='bbox 568 3037 722 3120; x_wconf 90' lang='lat' dir='ltr'><strong>proposita</strong></span> <span class='ocrx_word' id='word_1_224' title='bbox 746 3055 806 3099; x_wconf 91' lang='lat' dir='ltr'><strong>non</strong></span> <span class='ocrx_word' id='word_1_225' title='bbox 829 3035 959 3100; x_wconf 82' lang='lat' dir='ltr'><strong>fuissent</strong></span> <span class='ocrx_word' id='word_1_226' title='bbox 974 3036 1013 3099; x_wconf 89' lang='lat' dir='ltr'><strong>de</strong></span> <span class='ocrx_word' id='word_1_227' title='bbox 1036 3037 1074 3099; x_wconf 91' lang='lat' dir='ltr'><strong>iis</strong></span> <span class='ocrx_word' id='word_1_228' title='bbox 1099 3036 1265 3100; x_wconf 90' lang='lat' dir='ltr'><strong>alliatorum</strong></span> 
     </span>
     <span class='ocr_line' id='line_1_26' title="bbox 64 3143 1265 3230; baseline -0.002 -20"><span class='ocrx_word' id='word_1_229' title='bbox 64 3152 197 3211; x_wconf 89' lang='lat' dir='ltr'><strong>mentem</strong></span> <span class='ocrx_word' id='word_1_230' title='bbox 222 3147 386 3230; x_wconf 82' lang='lat' dir='ltr'><strong>exposcite.</strong></span> <span class='ocrx_word' id='word_1_231' title='bbox 430 3146 504 3210; x_wconf 82' lang='lat' dir='ltr'><strong>Cum</strong></span> <span class='ocrx_word' id='word_1_232' title='bbox 525 3149 685 3230; x_wconf 91' lang='lat' dir='ltr'><strong>praeterea</strong></span> <span class='ocrx_word' id='word_1_233' title='bbox 708 3163 744 3207; x_wconf 82' lang='lat' dir='ltr'><strong>ex</strong></span> <span class='ocrx_word' id='word_1_234' title='bbox 766 3143 1021 3228; x_wconf 85' lang='lat' dir='ltr'><strong>praecedentibus</strong></span> <span class='ocrx_word' id='word_1_235' title='bbox 1044 3144 1155 3208; x_wconf 87' lang='lat' dir='ltr'><strong>restris</strong></span> <span class='ocrx_word' id='word_1_236' title='bbox 1178 3144 1265 3207; x_wconf 88' lang='lat' dir='ltr'><strong>nobis</strong></span> 
     </span>
     <span class='ocr_line' id='line_1_27' title="bbox 64 3253 1266 3337; baseline -0.004 -18"><span class='ocrx_word' id='word_1_237' title='bbox 64 3257 238 3320; x_wconf 88' lang='lat' dir='ltr'><strong>innotuerat</strong></span> <span class='ocrx_word' id='word_1_238' title='bbox 248 3259 352 3320; x_wconf 80' lang='lat' dir='ltr'><strong>vester</strong></span> <span class='ocrx_word' id='word_1_239' title='bbox 359 3256 443 3337; x_wconf 84' lang='lat' dir='ltr'><strong>liuga</strong></span> <span class='ocrx_word' id='word_1_240' title='bbox 456 3254 608 3318; x_wconf 89' lang='lat' dir='ltr'><strong>discessus</strong></span> <span class='ocrx_word' id='word_1_241' title='bbox 621 3274 660 3318; x_wconf 90' lang='lat' dir='ltr'><strong>ne</strong></span> <span class='ocrx_word' id='word_1_242' title='bbox 672 3255 704 3316; x_wconf 93' lang='lat' dir='ltr'><strong>in</strong></span> <span class='ocrx_word' id='word_1_243' title='bbox 716 3253 852 3317; x_wconf 87' lang='lat' dir='ltr'><strong>absentia</strong></span> <span class='ocrx_word' id='word_1_244' title='bbox 864 3253 959 3318; x_wconf 79' lang='lat' dir='ltr'><strong>vestri</strong></span> <span class='ocrx_word' id='word_1_245' title='bbox 972 3257 1106 3316; x_wconf 89' lang='lat' dir='ltr'><strong>nostrum</strong></span> <span class='ocrx_word' id='word_1_246' title='bbox 1112 3253 1266 3316; x_wconf 89' lang='lat' dir='ltr'><strong>Interesse</strong></span> 
     </span>
     <span class='ocr_line' id='line_1_28' title="bbox 65 3361 1265 3449; baseline -0.004 -21"><span class='ocrx_word' id='word_1_247' title='bbox 65 3365 279 3428; x_wconf 89' lang='lat' dir='ltr'><strong>detrimentum</strong></span> <span class='ocrx_word' id='word_1_248' title='bbox 305 3365 435 3449; x_wconf 89' lang='lat' dir='ltr'><strong>patiatur</strong></span> <span class='ocrx_word' id='word_1_249' title='bbox 456 3365 492 3428; x_wconf 89' lang='lat' dir='ltr'><strong>D.</strong></span> <span class='ocrx_word' id='word_1_250' title='bbox 522 3362 560 3427; x_wconf 92' lang='lat' dir='ltr'><strong>de</strong></span> <span class='ocrx_word' id='word_1_251' title='bbox 581 3363 720 3427; x_wconf 81' lang='lat' dir='ltr'><strong>Ancillon</strong></span> <span class='ocrx_word' id='word_1_252' title='bbox 747 3361 976 3425; x_wconf 90' lang='lat' dir='ltr'><strong>instructionem</strong></span> <span class='ocrx_word' id='word_1_253' title='bbox 1004 3361 1182 3424; x_wconf 87' lang='lat' dir='ltr'><strong>dederamus</strong></span> <span class='ocrx_word' id='word_1_254' title='bbox 1209 3381 1265 3443; x_wconf 92' lang='lat' dir='ltr'><strong>pro</strong></span> 
     </span>
     <span class='ocr_line' id='line_1_29' title="bbox 64 3468 1266 3556; baseline -0.002 -21"><span class='ocrx_word' id='word_1_255' title='bbox 64 3471 259 3536; x_wconf 80' lang='lat' dir='ltr'><strong>informandis</strong></span> <span class='ocrx_word' id='word_1_256' title='bbox 275 3472 391 3536; x_wconf 89' lang='lat' dir='ltr'><strong>Dobozi</strong></span> <span class='ocrx_word' id='word_1_257' title='bbox 407 3477 439 3536; x_wconf 93' lang='lat' dir='ltr'><strong>et</strong></span> <span class='ocrx_word' id='word_1_258' title='bbox 449 3473 656 3556; x_wconf 75' lang='lat' dir='ltr'><strong>Kortvelyessi</strong></span> <span class='ocrx_word' id='word_1_259' title='bbox 672 3492 689 3534; x_wconf 90' lang='lat' dir='ltr'><strong>a</strong></span> <span class='ocrx_word' id='word_1_260' title='bbox 705 3470 833 3535; x_wconf 87' lang='lat' dir='ltr'><strong>statibus</strong></span> <span class='ocrx_word' id='word_1_261' title='bbox 844 3468 1086 3534; x_wconf 88' lang='lat' dir='ltr'><strong>Protcstantibus</strong></span> <span class='ocrx_word' id='word_1_262' title='bbox 1111 3469 1211 3534; x_wconf 90' lang='lat' dir='ltr'><strong>missis</strong></span> <span class='ocrx_word' id='word_1_263' title='bbox 1227 3469 1266 3533; x_wconf 88' lang='lat' dir='ltr'><strong>da</strong></span> 
     </span>
     <span class='ocr_line' id='line_1_30' title="bbox 66 3578 1267 3666; baseline -0.002 -22"><span class='ocrx_word' id='word_1_264' title='bbox 66 3580 187 3644; x_wconf 89' lang='lat' dir='ltr'><strong>Punctis</strong></span> <span class='ocrx_word' id='word_1_265' title='bbox 204 3581 289 3644; x_wconf 87' lang='lat' dir='ltr'><strong>Pacis</strong></span> <span class='ocrx_word' id='word_1_266' title='bbox 311 3601 347 3644; x_wconf 80' lang='lat' dir='ltr'><strong>ex</strong></span> <span class='ocrx_word' id='word_1_267' title='bbox 371 3579 477 3666; x_wconf 91' lang='lat' dir='ltr'><strong>quibus</strong></span> <span class='ocrx_word' id='word_1_268' title='bbox 499 3581 567 3644; x_wconf 91' lang='lat' dir='ltr'><strong>dum</strong></span> <span class='ocrx_word' id='word_1_269' title='bbox 591 3580 642 3643; x_wconf 90' lang='lat' dir='ltr'><strong>ille</strong></span> <span class='ocrx_word' id='word_1_270' title='bbox 658 3580 831 3644; x_wconf 90' lang='lat' dir='ltr'><strong>Berolinnm</strong></span> <span class='ocrx_word' id='word_1_271' title='bbox 846 3579 964 3642; x_wconf 88' lang='lat' dir='ltr'><strong>venerit</strong></span> <span class='ocrx_word' id='word_1_272' title='bbox 980 3578 1106 3661; x_wconf 90' lang='lat' dir='ltr'><strong>amplam</strong></span> <span class='ocrx_word' id='word_1_273' title='bbox 1120 3578 1267 3642; x_wconf 85' lang='lat' dir='ltr'><strong>lnlorma-</strong></span> 
     </span>
     <span class='ocr_line' id='line_1_31' title="bbox 66 3686 1267 3772; baseline -0.005 -16"><span class='ocrx_word' id='word_1_274' title='bbox 66 3693 177 3756; x_wconf 88' lang='lat' dir='ltr'><strong>tionem</strong></span> <span class='ocrx_word' id='word_1_275' title='bbox 201 3689 322 3752; x_wconf 89' lang='lat' dir='ltr'><strong>haurire</strong></span> <span class='ocrx_word' id='word_1_276' title='bbox 345 3690 473 3772; x_wconf 88' lang='lat' dir='ltr'><strong>potestis</strong></span> <span class='ocrx_word' id='word_1_277' title='bbox 496 3687 534 3752; x_wconf 90' lang='lat' dir='ltr'><strong>de</strong></span> <span class='ocrx_word' id='word_1_278' title='bbox 556 3689 658 3772; x_wconf 86' lang='lat' dir='ltr'><strong>petitis</strong></span> <span class='ocrx_word' id='word_1_279' title='bbox 681 3688 804 3752; x_wconf 85' lang='lat' dir='ltr'><strong>nostris.</strong></span> <span class='ocrx_word' id='word_1_280' title='bbox 843 3687 928 3769; x_wconf 78' lang='lat' dir='ltr'><strong>Quod</strong></span> <span class='ocrx_word' id='word_1_281' title='bbox 951 3686 1070 3750; x_wconf 90' lang='lat' dir='ltr'><strong>tandem</strong></span> <span class='ocrx_word' id='word_1_282' title='bbox 1098 3708 1190 3771; x_wconf 90' lang='lat' dir='ltr'><strong>super</strong></span> <span class='ocrx_word' id='word_1_283' title='bbox 1218 3690 1267 3750; x_wconf 89' lang='lat' dir='ltr'><strong>est</strong></span> 
     </span>
     <span class='ocr_line' id='line_1_32' title="bbox 68 3794 1266 3878; baseline -0.008 -13"><span class='ocrx_word' id='word_1_284' title='bbox 68 3820 133 3865; x_wconf 93' lang='lat' dir='ltr'><strong>cum</strong></span> <span class='ocrx_word' id='word_1_285' title='bbox 155 3817 298 3864; x_wconf 90' lang='lat' dir='ltr'><strong>summam</strong></span> <span class='ocrx_word' id='word_1_286' title='bbox 319 3797 468 3861; x_wconf 87' lang='lat' dir='ltr'><strong>Pecuniae</strong></span> <span class='ocrx_word' id='word_1_287' title='bbox 497 3817 514 3861; x_wconf 89' lang='lat' dir='ltr'><strong>a</strong></span> <span class='ocrx_word' id='word_1_288' title='bbox 534 3798 660 3861; x_wconf 86' lang='lat' dir='ltr'><strong>Domino</strong></span> <span class='ocrx_word' id='word_1_289' title='bbox 682 3794 840 3862; x_wconf 83' lang='lat' dir='ltr'><strong>Jablonslri</strong></span> <span class='ocrx_word' id='word_1_290' title='bbox 861 3795 1064 3878; x_wconf 87' lang='lat' dir='ltr'><strong>Principissae</strong></span> <span class='ocrx_word' id='word_1_291' title='bbox 1090 3795 1266 3878; x_wconf 87' lang='lat' dir='ltr'><strong>praestitam</strong></span> 
     </span>
     <span class='ocr_line' id='line_1_33' title="bbox 67 3904 1264 3995; baseline -0.007 -22"><span class='ocrx_word' id='word_1_292' title='bbox 67 3929 122 3995; x_wconf 90' lang='lat' dir='ltr'><strong>per</strong></span> <span class='ocrx_word' id='word_1_293' title='bbox 149 3906 296 3971; x_wconf 91' lang='lat' dir='ltr'><strong>cambium</strong></span> <span class='ocrx_word' id='word_1_294' title='bbox 321 3906 399 3970; x_wconf 89' lang='lat' dir='ltr'><strong>haud</strong></span> <span class='ocrx_word' id='word_1_295' title='bbox 427 3906 556 3988; x_wconf 92' lang='lat' dir='ltr'><strong>potimus</strong></span> <span class='ocrx_word' id='word_1_296' title='bbox 583 3905 790 3969; x_wconf 88' lang='lat' dir='ltr'><strong>transmittere</strong></span> <span class='ocrx_word' id='word_1_297' title='bbox 816 3904 979 3976; x_wconf 88' lang='lat' dir='ltr'><strong>hactenus,</strong></span> <span class='ocrx_word' id='word_1_298' title='bbox 1007 3923 1072 3966; x_wconf 90' lang='lat' dir='ltr'><strong>eam</strong></span> <span class='ocrx_word' id='word_1_299' title='bbox 1102 3904 1132 3966; x_wconf 88' lang='lat' dir='ltr'><strong>io</strong></span> <span class='ocrx_word' id='word_1_300' title='bbox 1160 3904 1264 3987; x_wconf 91' lang='lat' dir='ltr'><strong>specie</strong></span> 
     </span>
     <span class='ocr_line' id='line_1_34' title="bbox 67 4011 1265 4096; baseline -0.006 -15"><span class='ocrx_word' id='word_1_301' title='bbox 67 4016 270 4082; x_wconf 88' lang='lat' dir='ltr'><strong>transmittere</strong></span> <span class='ocrx_word' id='word_1_302' title='bbox 288 4015 384 4078; x_wconf 88' lang='lat' dir='ltr'><strong>coacti</strong></span> <span class='ocrx_word' id='word_1_303' title='bbox 400 4033 530 4077; x_wconf 91' lang='lat' dir='ltr'><strong>summus</strong></span> <span class='ocrx_word' id='word_1_304' title='bbox 546 4033 602 4096; x_wconf 90' lang='lat' dir='ltr'><strong>per</strong></span> <span class='ocrx_word' id='word_1_305' title='bbox 618 4012 800 4078; x_wconf 83' lang='lat' dir='ltr'><strong>D&#39;Ancillon</strong></span> <span class='ocrx_word' id='word_1_306' title='bbox 815 4033 870 4075; x_wconf 88' lang='lat' dir='ltr'><strong>seu</strong></span> <span class='ocrx_word' id='word_1_307' title='bbox 886 4013 932 4077; x_wconf 91' lang='lat' dir='ltr'><strong>St.</strong></span> <span class='ocrx_word' id='word_1_308' title='bbox 949 4011 1051 4076; x_wconf 87' lang='lat' dir='ltr'><strong>Julian</strong></span> <span class='ocrx_word' id='word_1_309' title='bbox 1065 4031 1123 4095; x_wconf 88' lang='lat' dir='ltr'><strong>qua</strong></span> <span class='ocrx_word' id='word_1_310' title='bbox 1140 4016 1265 4095; x_wconf 90' lang='lat' dir='ltr'><strong>accepta</strong></span> 
     </span>
     <span class='ocr_line' id='line_1_35' title="bbox 70 4117 1263 4210; baseline -0.004 -21"><span class='ocrx_word' id='word_1_311' title='bbox 70 4145 156 4210; x_wconf 90' lang='lat' dir='ltr'><strong>spero</strong></span> <span class='ocrx_word' id='word_1_312' title='bbox 179 4125 217 4186; x_wconf 88' lang='lat' dir='ltr'><strong>D.</strong></span> <span class='ocrx_word' id='word_1_313' title='bbox 239 4121 395 4187; x_wconf 84' lang='lat' dir='ltr'><strong>Jablonslri</strong></span> <span class='ocrx_word' id='word_1_314' title='bbox 417 4121 501 4186; x_wconf 83' lang='lat' dir='ltr'><strong>robis</strong></span> <span class='ocrx_word' id='word_1_315' title='bbox 530 4121 628 4184; x_wconf 88' lang='lat' dir='ltr'><strong>denuo</strong></span> <span class='ocrx_word' id='word_1_316' title='bbox 651 4117 881 4204; x_wconf 89' lang='lat' dir='ltr'><strong>anticip&#39;aturum</strong></span> <span class='ocrx_word' id='word_1_317' title='bbox 909 4125 1045 4204; x_wconf 89' lang='lat' dir='ltr'><strong>sumptus</strong></span> <span class='ocrx_word' id='word_1_318' title='bbox 1073 4121 1263 4184; x_wconf 88' lang='lat' dir='ltr'><strong>necessarios</strong></span> 
     </span>
     <span class='ocr_line' id='line_1_36' title="bbox 70 4227 1264 4319; baseline -0.007 -21"><span class='ocrx_word' id='word_1_319' title='bbox 70 4254 141 4319; x_wconf 89' lang='lat' dir='ltr'><strong>quos</strong></span> <span class='ocrx_word' id='word_1_320' title='bbox 163 4232 298 4316; x_wconf 86' lang='lat' dir='ltr'><strong>prolecto</strong></span> <span class='ocrx_word' id='word_1_321' title='bbox 322 4231 360 4295; x_wconf 92' lang='lat' dir='ltr'><strong>ob</strong></span> <span class='ocrx_word' id='word_1_322' title='bbox 388 4230 540 4293; x_wconf 83' lang='lat' dir='ltr'><strong>delectum</strong></span> <span class='ocrx_word' id='word_1_323' title='bbox 568 4229 719 4293; x_wconf 86' lang='lat' dir='ltr'><strong>cambialis</strong></span> <span class='ocrx_word' id='word_1_324' title='bbox 747 4230 890 4311; x_wconf 90' lang='lat' dir='ltr'><strong>comercij</strong></span> <span class='ocrx_word' id='word_1_325' title='bbox 919 4229 1008 4293; x_wconf 89' lang='lat' dir='ltr'><strong>aliter</strong></span> <span class='ocrx_word' id='word_1_326' title='bbox 1035 4227 1264 4292; x_wconf 88' lang='lat' dir='ltr'><strong>subministrare</strong></span> 
     </span>
     <span class='ocr_line' id='line_1_37' title="bbox 70 4337 1264 4427; baseline -0.006 -21"><span class='ocrx_word' id='word_1_327' title='bbox 70 4343 232 4427; x_wconf 87' lang='lat' dir='ltr'><strong>nequimus,</strong></span> <span class='ocrx_word' id='word_1_328' title='bbox 250 4359 338 4423; x_wconf 89' lang='lat' dir='ltr'><strong>quem</strong></span> <span class='ocrx_word' id='word_1_329' title='bbox 354 4338 380 4402; x_wconf 89' lang='lat' dir='ltr'><strong>si</strong></span> <span class='ocrx_word' id='word_1_330' title='bbox 398 4337 484 4402; x_wconf 88' lang='lat' dir='ltr'><strong>nobis</strong></span> <span class='ocrx_word' id='word_1_331' title='bbox 497 4337 767 4402; x_wconf 86' lang='lat' dir='ltr'><strong>subministraverit</strong></span> <span class='ocrx_word' id='word_1_332' title='bbox 781 4338 955 4420; x_wconf 85' lang='lat' dir='ltr'><strong>experietur</strong></span> <span class='ocrx_word' id='word_1_333' title='bbox 966 4337 1102 4420; x_wconf 85' lang='lat' dir='ltr'><strong>prolecto</strong></span> <span class='ocrx_word' id='word_1_334' title='bbox 1116 4356 1264 4421; x_wconf 89' lang='lat' dir='ltr'><strong>nunquam</strong></span> 
     </span>
    </p>
   </div>
   <div class='ocr_carea' id='block_1_3' title="bbox 70 4447 1026 4712">
    <p class='ocr_par' dir='ltr' id='par_1_3' title="bbox 70 4447 1026 4712">
     <span class='ocr_line' id='line_1_38' title="bbox 70 4447 820 4532; baseline -0.008 -16"><span class='ocrx_word' id='word_1_335' title='bbox 70 4457 126 4517; x_wconf 89' lang='lat' dir='ltr'><strong>tam</strong></span> <span class='ocrx_word' id='word_1_336' title='bbox 141 4451 261 4532; x_wconf 79' lang='lat' dir='ltr'><strong>longam</strong></span> <span class='ocrx_word' id='word_1_337' title='bbox 272 4448 429 4513; x_wconf 87' lang='lat' dir='ltr'><strong>solutionis</strong></span> <span class='ocrx_word' id='word_1_338' title='bbox 445 4466 558 4510; x_wconf 88' lang='lat' dir='ltr'><strong>moram</strong></span> <span class='ocrx_word' id='word_1_339' title='bbox 573 4447 820 4510; x_wconf 86' lang='lat' dir='ltr'><strong>interventuram.</strong></span> 
     </span>
     <span class='ocr_line' id='line_1_39' title="bbox 105 4553 667 4626; baseline -0.011 -15"><span class='ocrx_word' id='word_1_340' title='bbox 105 4559 171 4626; x_wconf 78' lang='lat' dir='ltr'><strong>(dus</strong></span> <span class='ocrx_word' id='word_1_341' title='bbox 184 4554 329 4610; x_wconf 85' lang='lat' dir='ltr'><strong>lllement’s</strong></span> <span class='ocrx_word' id='word_1_342' title='bbox 342 4553 548 4624; x_wconf 75' lang='lat' dir='ltr'><strong>eigenhlndiger</strong></span> <span class='ocrx_word' id='word_1_343' title='bbox 561 4553 667 4623; x_wconf 79' lang='lat' dir='ltr'><strong>Copia.)</strong></span> 
     </span>
     <span class='ocr_line' id='line_1_40' title="bbox 101 4660 1026 4712; baseline -0.015 0"><span class='ocrx_word' id='word_1_344' title='bbox 101 4669 192 4712; x_wconf 69' lang='lat' dir='ltr'><strong>ronta.</strong></span> <span class='ocrx_word' id='word_1_345' title='bbox 208 4667 278 4711; x_wconf 80' lang='lat' dir='ltr'><strong>auu.</strong></span> <span class='ocrx_word' id='word_1_346' title='bbox 291 4666 318 4710; x_wconf 89' lang='lat' dir='ltr'><strong>u.</strong></span> <span class='ocrx_word' id='word_1_347' title='bbox 335 4666 375 4710; x_wconf 80' lang='lat' dir='ltr'><strong>aa.</strong></span> <span class='ocrx_word' id='word_1_348' title='bbox 387 4665 453 4709; x_wconf 80' lang='lat' dir='ltr'><strong>xvir.</strong></span> <span class='ocrx_word' id='word_1_349' title='bbox 1010 4660 1026 4711; x_wconf 71' lang='lat'>5</span> 
     </span>
    </p>
   </div>
   <div class='ocr_carea' id='block_1_4' title="bbox 0 0 1569 5084">
    <p class='ocr_par' dir='ltr' id='par_1_4' title="bbox 0 0 1569 5084">
     <span class='ocr_line' id='line_1_41' title="bbox 0 0 1569 5084; baseline 0 0"><span class='ocrx_word' id='word_1_350' title='bbox 0 0 1569 5084; x_wconf 95' lang='lat' dir='ltr'><strong> </strong></span> 
     </span>
    </p>
   </div>
  </div>
 </body>
</html>
