3117 5084
340 357 390 429 24

905 527 957 593 lo.

339 656 550 723 Schreiben
571 653 775 721 lllement's
800 675 843 719 au
865 654 963 719 Lord
986 654 1095 727 liubi,
1120 654 1150 719 l.
1175 655 1275 737 engl.
1300 652 1505 719 Gesaudten

829 764 866 827 iu
889 764 1030 828 Berlin.

523 891 568 957 dd
583 891 690 955 llilord
704 889 778 956 liubi
795 890 905 956 Cliniae
920 890 1062 957 montium
1080 891 1110 956 7.
1127 890 1225 975 llartij
1243 890 1339 956 luoo.

399 1055 612 1122 lllmtrioaimc
627 1074 667 1119 ac
680 1052 958 1119 Eoeccllcntieeime
972 1054 1106 1119 Domine
1119 1052 1200 1118 mibi
1210 1052 1466 1141 qratioaueime!

435 1182 506 1245 Exc.
535 1180 601 1245 vn..
632 1178 758 1261 gratiam
795 1182 826 1242 et
857 1176 988 1242 savorem
1025 1177 1056 1241 in
1097 1177 1298 1263 promouendo
1331 1176 1508 1243 Sereuisaiuu'

340 1290 481 1377 principis
512 1288 570 1352 mei
602 1287 722 1371 negotio
754 1285 871 1351 abunde
910 1286 1093 1351 declaratum
1123 1292 1154 1352 et
1184 1286 1426 1352 benevolentiam
1453 1286 1510 1349 mibi

339 1399 512 1484 praestitam
527 1397 687 1461 humillima
703 1416 770 1461 eum
785 1396 976 1460 veneratione
992 1395 1200 1480 praesentibus
1222 1415 1392 1479 agnoscere
1408 1396 1509 1478 obliga-

340 1508 426 1570 minis
442 1504 500 1568 mei
518 1524 586 1569 esse
600 1523 659 1567 nou
671 1504 817 1568 immerito
830 1504 975 1569 existimo.
993 1505 1150 1569 Caeterum
1162 1524 1282 1589 possum
1297 1524 1359 1568 non
1375 1505 1509 1590 qrinllxo.

340 1617 376 1681 V.
394 1614 493 1679 debita
510 1632 575 1677 cum
592 1613 791 1677 submissione
808 1613 936 1696 aperiam
953 1612 987 1677 R.
1001 1613 1037 1677 D.
1051 1613 1205 1678 Jablonslri
1216 1618 1371 1699 postquam
1386 1614 1511 1679 besterna

341 1723 390 1787 die
412 1723 471 1787 buc
494 1722 720 1806 appullissemus
742 1722 852 1786 domiui
868 1720 1015 1786 Cardouel
1036 1722 1152 1786 litteras
1168 1722 1316 1787 inuenisse
1332 1723 1511 1807 indigitautes

341 1832 447 1897 ducem
470 1830 508 1895 de
530 1830 740 1913 Marlborough
757 1830 788 1895 5.
804 1831 903 1895 ltlartii
926 1832 1053 1913 angliam
1077 1830 1219 1915 petiisse,
1244 1850 1330 1914 qvem
1352 1837 1389 1896 ut
1412 1832 1511 1895 sacrlim

343 1943 427 2025 sequi
449 1940 555 2004 liceret
576 1940 688 2005 salvum
710 1939 888 2003 conductum
910 1940 1028 2024 utrique
1047 1946 1180 2005 nostrum
1202 1962 1257 2025 pro
1281 1941 1378 2005 libero
1402 1941 1511 2006 transitu

343 2049 463 2115 addidit.
503 2047 688 2131 impossibile
710 2068 785 2131 ergo
807 2048 893 2113 nobis
910 2049 965 2113 fuit
982 2049 1109 2133 qvamvis
1125 2050 1203 2113 omni
1219 2049 1376 2115 celeritate
1392 2049 1513 2135 proficis·

343 2158 479 2223 centibus
496 2156 600 2220 ducem
618 2156 655 2219 dc
671 2156 883 2241 ltlarlborough
899 2160 1046 2224 Bruxellis
1069 2160 1220 2242 reperire,
1242 2165 1275 2223 ut
1295 2159 1371 2224 adeo
1395 2158 1513 2224 necessi·
1539 2188 1540 2216 r

343 2271 439 2330 temur
462 2264 548 2328 modo
573 2265 685 2330 intrare
709 2268 890 2331 Brittaniam.
929 2268 1016 2331 Licet
1037 2288 1109 2332 vcro
1134 2268 1171 2332 D.
1198 2268 1352 2334 Jablonsli
1379 2268 1511 2334 difficilem

344 2375 381 2439 ad
397 2375 456 2439 iter
471 2374 529 2438 hoc
541 2375 707 2457 Anglicum,
720 2398 757 2437 ne
771 2376 833 2440 fors
849 2378 934 2441 aulae
950 2398 1021 2441 suae
1034 2376 1260 2461 displiciturum,
1273 2379 1513 2445 resolvendumse

345 2484 521 2569 praeberet,
544 2489 642 2548 tamen
658 2486 764 2568 parlim
782 2507 819 2548 ne
836 2507 884 2549 res
900 2487 974 2551 tanti
991 2489 1129 2552 momenti
1146 2494 1177 2553 et
1193 2489 1431 2573 consequentiae
1447 2482 1514 2570 qaid
1539 2493 1540 2508 ³

345 2594 424 2678 piam
446 2597 601 2676 pateretur
622 2593 668 2657 vel
691 2598 752 2657 tota
774 2593 806 2657 iu
828 2614 943 2658 cassura
965 2596 1041 2669 iret,
1069 2599 1174 2680 partim
1192 2596 1439 2683 persuasionibus
1457 2594 1516 2657 meis

346 2702 472 2767 assiduis
493 2709 589 2765 motos
612 2701 706 2785 potito
731 2722 798 2767 meo
821 2704 976 2768 assurexit.
1008 2705 1102 2787 lgitur
1122 2707 1198 2791 apud
1215 2708 1288 2771 llxc.
1304 2707 1379 2771 vn..
1396 2704 1515 2789 supplico

347 2816 490 2896 quatenus
514 2812 572 2875 itur
593 2811 650 2875 hoc
674 2833 691 2875 a
709 2811 834 2876 Domino
854 2812 1009 2877 dablonsli
1031 2815 1062 2877 in
1081 2819 1139 2879 tam
1158 2814 1280 2880 incertis
1298 2811 1516 2879 circumstantiis

347 2924 517 3003 susceptum
534 2918 612 3001 apud
629 2921 723 2983 aulam
739 2921 928 2986 Borussioam
952 2924 1085 3005 gratiose
1108 2924 1279 2988 deffendere
1306 2923 1460 3007 dignetur,
1486 2939 1515 2983 oc

346 3033 509 3114 propterea
533 3028 678 3113 quidpiam
699 3030 759 3113 pati
783 3029 910 3096 deberet
931 3031 1097 3116 obligatura
1127 3053 1184 3117 per
1204 3033 1234 3096 id
1254 3033 1326 3097 Exc.
1344 3031 1379 3097 V.
1398 3030 1516 3114 singola·
1537 3069 1541 3167 q

346 3140 422 3202 riter
438 3138 470 3202 S.
487 3137 652 3222 Principem
668 3158 765 3202 mcum
777 3139 813 3202 ad
826 3141 981 3225 reciproca
995 3142 1114 3225 quaeris
1128 3140 1234 3206 officia.
1251 3140 1395 3223 Ejusdem
1404 3138 1512 3204 Gratiae

346 3248 496 3312 dimmisse
512 3267 558 3310 me
576 3248 783 3311 commendans
801 3269 905 3313 maneo
922 3255 980 3315 ete.

913 3394 964 3456 11.

512 3516 733 3581 Schreiben
757 3516 822 3580 des
844 3518 945 3583 Lord
968 3520 1062 3584 llabi
1086 3542 1129 3584 au
1151 3518 1365 3585 dablonsli.

695 3645 846 3717 berlin,
874 3646 924 3709 lu.
949 3647 1046 3710 Mar-z
1072 3647 1183 3713 laoo.

350 3787 452 3859 Copia
474 3786 662 3842 Liberorum
682 3788 805 3843 ldilord
827 3789 907 3844 Rubi
925 3790 962 3844 ad
980 3787 1519 3845 D.lablooekidatarumBerolioo

519 3878 568 3934 16.
588 3879 698 3951 llartij
724 3880 823 3959 luco,
841 3881 998 3935 redditae
1017 3881 1155 3935 Londini
1173 3882 1220 3936 27.
1238 3881 1358 3951 llartij.

565 4003 746 4071 Monoimor!

438 4114 476 4179 de
497 4114 558 4179 suis
581 4114 651 4178 bien
674 4116 760 4180 fache
785 4116 903 4181 devoir
926 4136 980 4201 par
995 4122 1079 4181 rotre
1101 4118 1191 4182 lettre
1207 4115 1245 4181 de
1260 4114 1281 4181 8
1298 4115 1474 4181 l'embarrau
1488 4132 1518 4175 ou

349 4226 379 4288 le
401 4223 508 4308 depart
530 4222 568 4287 de
591 4225 696 4289 milord
719 4224 775 4289 duc
798 4226 836 4290 de
851 4226 1063 4311 blarlborougb
1084 4248 1159 4311 pour
1179 4227 1208 4289 la
1224 4226 1276 4290 Gr.
1293 4227 1443 4309 Bretagne
1457 4241 1517 4287 vous

350 4332 450 4398 devoit
465 4337 582 4397 mettre.
622 4334 660 4399 le
677 4334 737 4397 suis
758 4332 828 4397 bien
850 4336 912 4399 aise
929 4336 1045 4399 devoir
1062 4357 1118 4421 qve
1134 4356 1207 4404 vous
1223 4336 1304 4399 aries
1325 4337 1387 4420 pris
1404 4336 1431 4398 la
1445 4331 1518 4396 meil-

348 4445 434 4507 leure
455 4442 551 4525 partie
574 4463 612 4506 en
628 4443 656 4505 le
673 4442 787 4507 suivant
803 4450 969 4510 autrement
984 4466 1057 4510 rous
1072 4446 1171 4509 aurias
1187 4447 1237 4510 ete'
1252 4445 1364 4509 frustra
1380 4443 1417 4507 de
1432 4444 1516 4506 toute

350 4570 403 4615 vos
416 4551 604 4635 Esperanees
617 4551 742 4635 jusqves
760 4572 797 4615 au
813 4559 916 4618 retour
932 4555 1026 4620 dudit
1041 4554 1107 4619 duc.
1125 4554 1191 4640 J’ap
1203 4560 1266 4620 tant
1282 4554 1431 4638 approuvd
1444 4552 1516 4615 rotro
