3117 5084
279 310 355 383 170

278 486 375 559 toret,
396 491 429 549 ut
451 486 485 551 S.
504 485 541 551 V.
563 486 612 551 rel
635 487 700 570 ipsa
722 486 760 550 ad
775 485 884 551 llilord
911 484 1072 551 scribendo
1094 485 1142 551 rel
1165 484 1236 549 milri
1259 483 1479 567 benignissime

278 595 491 661 committendo
521 595 651 659 eundern
677 596 787 661 iterato
816 616 994 661 assecurare
1016 595 1208 677 dignaretur3
1232 595 1297 659 sive
1319 596 1398 659 euim
1421 614 1477 678 pax

276 703 366 767 modo
390 703 598 776 concludetur,
619 705 650 768 ei
669 705 826 767 maximnm
848 702 1009 775 dehemus,
1033 704 1114 775 sive,
1137 703 1179 767 uti
1201 702 1289 767 modo
1313 703 1477 787 spargitur,

276 812 493 893 Peterbnrgius
510 812 582 876 nihil
597 812 747 884 effecerit,
757 811 931 877 necessaria
948 813 1007 876 erit
1022 811 1095 877 dicti
1112 812 1222 877 domini
1238 812 1383 885 amicitia;
1399 810 1477 875 mul·

275 922 428 986 tamenim
439 923 470 985 in
482 922 694 1004 procuratione
704 921 938 987 assecurationis
949 926 1080 1004 exparte
1089 922 1255 985 alliatorum
1264 920 1478 985 deinelnsione

276 1031 310 1095 S.
327 1029 363 1095 V.
387 1031 418 1093 iu
442 1048 548 1115 panem
570 1032 746 1113 generalem
767 1030 915 1118 prodesse
931 1032 1043 1115 poterit
1059 1036 1091 1096 et
1107 1050 1165 1115 ego
1187 1052 1224 1095 ex
1247 1031 1389 1114 opinione
1410 1029 1477 1110 ejus

276 1138 367 1203 linitis
378 1139 440 1221 jam
457 1140 507 1203 lric
523 1145 555 1211 et
570 1139 714 1205 absolutis
730 1140 868 1205 omuibus
885 1145 917 1203 et
940 1140 1020 1205 nulla
1042 1146 1127 1205 certe
1149 1160 1205 1224 spe
1224 1139 1262 1203 de
1278 1138 1477 1205 subsecutura

276 1268 353 1331 pace
380 1249 530 1312 existente
557 1249 635 1313 intra
663 1248 714 1313 ll.
740 1248 805 1313 dies
831 1249 862 1313 in
884 1248 1067 1311 llollandiam
1096 1254 1127 1314 et
1147 1249 1283 1331 Angliam
1304 1266 1410 1312 museo
1439 1247 1474 1311 ad

276 1354 495 1420 obseruandum
517 1354 550 1419 S.
568 1355 603 1419 V.
625 1355 777 1421 interesse
801 1362 833 1421 et
859 1354 896 1418 ad
924 1354 1135 1437 negotiandam
1158 1356 1243 1436 juxta
1271 1355 1476 1441 instructionis

276 1469 388 1548 puncta
404 1464 476 1527 mihi
490 1463 707 1547 benignissime
723 1466 910 1528 commissam
926 1464 1091 1531 alliatorum
1103 1464 1142 1529 de
1153 1465 1319 1529 inclusione
1332 1466 1477 1547 inpncern

277 1576 542 1638 assecurationem.
576 1574 657 1637 llaec
674 1579 761 1645 sunt,
777 1574 869 1637 Ser¹'‘
885 1573 1037 1657 princeps,
1054 1594 1129 1657 quae
1145 1572 1298 1656 hucusque
1314 1592 1372 1656 pro
1389 1574 1423 1637 S.
1442 1573 1476 1635 V.

278 1702 372 1765 agere
384 1688 418 1745 et
431 1682 612 1745 ineaminare
627 1682 727 1753 licuit;
743 1683 938 1765 imposterum
951 1682 1040 1745 etiam
1053 1682 1194 1747 continua
1206 1681 1347 1747 fidelitate
1360 1702 1396 1745 ae
1408 1682 1480 1745 dili-

278 1791 380 1873 gentia
389 1790 570 1856 laborareac
578 1791 617 1855 de
625 1790 763 1855 omnibus
772 1792 806 1856 S.
815 1792 850 1855 V.
859 1791 1021 1855 humillime
1030 1792 1196 1855 certiorare
1205 1811 1264 1855 non
1273 1791 1480 1855 intermittam.

278 1902 366 1965 modo
386 1902 525 1966 securior
548 1901 654 1966 modus
677 1902 970 1965 transnrittendarum
992 1901 1158 1966 litterarum
1182 1901 1348 1965 adinveniri
1370 1902 1478 1984 possit.

278 2012 389 2077 Nescio
410 2011 548 2075 nunirum
568 2010 639 2094 qvid
654 2012 741 2075 Dum.
764 2010 897 2075 llissuna
919 2012 1049 2093 cogitet,
1071 2011 1151 2095 quod
1171 2011 1242 2073 milri
1258 2010 1332 2075 nilril
1347 2030 1481 2095 respon-

279 2121 350 2185 deat
364 2126 396 2186 et
411 2127 536 2185 eatenus
553 2140 569 2183 a
583 2120 617 2184 S.
632 2120 667 2184 V.
680 2120 897 2202 benignissima
914 2120 1009 2204 quoad
1026 2120 1239 2204 praecedentia
1263 2121 1361 2185 omnia
1385 2140 1482 2205 expe-

279 2229 368 2295 otalo
380 2230 528 2295 mandata.
545 2232 620 2297 llam
631 2230 819 2314 Europaeam
833 2230 910 2314 quod
924 2230 1041 2303 attinet,
1055 2232 1084 2293 in
1098 2231 1237 2315 Hispania
1249 2250 1302 2293 rex
1315 2230 1481 2315 Phidippus

278 2339 389 2424 ubique
411 2339 544 2404 triuurlat
565 2340 661 2423 captis
678 2339 822 2403 Gernnna
838 2343 869 2403 et
884 2339 1039 2404 derelictis
1055 2360 1072 2403 a
1087 2339 1315 2422 Starembcrgio
1332 2340 1483 2421 Balagrer

279 2468 315 2511 ac
336 2448 403 2513 aliis
429 2448 504 2513 loeis
526 2449 573 2513 rel
588 2450 763 2532 Tarragona
779 2455 812 2515 et
827 2450 991 2515 Baroelonn
1005 2470 1024 2516 a
1038 2450 1115 2515 duee
1132 2450 1170 2513 de
1186 2450 1340 2515 Veudome
1357 2448 1481 2513 obside·

282 2556 405 2629 buntur:
422 2578 549 2629 annona,
562 2558 656 2623 milite
670 2564 702 2623 et
715 2561 794 2623 omni
811 2559 975 2625 munitione
991 2564 1090 2631 caret;
1104 2559 1229 2625 Carolus
1237 2557 1482 2641 Stnrembergins

280 2666 416 2731 revocari
427 2666 529 2750 petiit;
545 2684 708 2732 succursus
719 2669 741 2733 2
753 2668 875 2733 millium
890 2668 939 2754 qri
951 2669 1146 2735 Barcelonam
1158 2669 1203 2731 ire
1216 2666 1347 2731 debehat
1359 2668 1481 2731 naufra-

279 2775 361 2857 gium
376 2776 409 2839 in
423 2773 572 2839 littoribus
584 2775 709 2840 Gallicis
721 2776 806 2850 lecit,
823 2782 854 2841 et
871 2779 977 2841 timent
994 2796 1032 2843 ne
1049 2782 1119 2842 aute
1135 2776 1294 2841 adrentum
1306 2776 1481 2839 aurilianum

280 2883 445 2949 Barcelnna
471 2884 607 2969 capiatur
614 2906 625 2958 ;
651 2885 711 2949 imo
733 2892 820 2951 certe
844 2890 908 2958 est,
935 2886 1051 2951 alliatos
1075 2885 1114 2950 dc
1137 2884 1366 2951 conservatione
1388 2886 1481 2949 totius

281 2993 472 3057 monarchias
487 2992 626 3059 dubitare
642 2999 674 3059 et
687 2994 725 3059 de
738 2995 804 3077 ejus
817 2995 963 3059 divisione
976 2996 1112 3077 cogitare
1126 2994 1271 3078 incipere.
1294 2995 1357 3058 llex
1370 2992 1484 3057 Gallia-

281 3122 348 3165 rum
359 3103 391 3165 in
401 3102 561 3167 Bralrantia
575 3102 720 3169 offensire
732 3123 826 3187 agere
838 3105 902 3170 vult
914 3110 944 3169 et
956 3105 993 3170 nd
1004 3104 1139 3170 Rhenum
1156 3102 1352 3186 irruptionem
1368 3102 1482 3167 lacere.

282 3212 394 3277 circuli
423 3212 564 3277 associati
592 3212 744 3278 Wiennae
779 3213 887 3277 auxilia
916 3218 1041 3295 urgent.
1076 3232 1152 3297 quae
1184 3214 1211 3275 si
1243 3211 1316 3297 ipsis
1342 3220 1482 3277 recusata

280 3318 404 3391 luerint,
420 3339 455 3384 se
471 3320 695 3384 neutralitatem
711 3326 922 3404 acceptaturus
937 3322 1096 3385 minantur.
1120 3321 1270 3386 Wienuae
1282 3340 1390 3403 magna
1406 3340 1482 3383 con·

281 3428 405 3511 spiratio
421 3429 564 3493 Bararica
580 3428 700 3495 detecta
715 3430 835 3495 dicitur.
878 3431 944 3496 Dux
962 3430 1131 3495 Sabaudiao
1146 3430 1171 3493 si
1188 3428 1391 3495 accomodatio
1414 3446 1483 3493 eum

281 3537 412 3603 Caesare
428 3556 487 3601 nou
501 3537 713 3621 subsequetur,
729 3556 868 3621 magnam
883 3540 914 3603 iu
924 3538 1073 3603 Delfiuatu
1089 3558 1150 3603 non
1165 3540 1257 3605 faciet
1269 3538 1481 3611 duernionem,

282 3651 315 3711 el
336 3646 445 3711 Veneti
472 3647 559 3713 nimis
583 3648 613 3711 in
636 3648 751 3713 Galliae
775 3652 878 3732 partes
901 3649 1046 3715 inclinare
1073 3649 1219 3715 videntur.
1264 3648 1326 3714 Rex
1353 3646 1483 3713 Sreeiae

281 3757 384 3839 llagac
396 3756 544 3821 declarari
560 3758 652 3841 jussit
666 3778 703 3823 se
719 3760 938 3823 neutralitatem
954 3765 983 3823 in
999 3760 1124 3844 imperio
1142 3765 1248 3825 tenere
1266 3776 1324 3821 non
1340 3778 1434 3841 posse
1451 3766 1483 3821 et

280 3865 416 3929 ereditur
430 3866 515 3931 brevi
532 3868 696 3933 exercitum
712 3868 874 3933 Suecicum
891 3888 928 3933 ex
943 3867 1118 3933 Pomerunia
1136 3874 1282 3933 moturum
1298 3871 1330 3930 et
1345 3867 1394 3931 rix
1413 3884 1479 3931 eum

280 3974 368 4038 miles
384 3975 581 4041 neutralitatis
597 3976 749 4060 impediet.
771 3979 835 4042 llex
848 3978 1010 4043 Borussiae
1022 3998 1095 4043 vere
1110 3976 1168 4043 hoc
1180 3978 1239 4040 iter
1251 3976 1282 4039 in
1293 3974 1479 4040 llullaudiam

282 4082 443 4149 meditatur
458 4086 565 4169 partim
580 4084 618 4149 ad
638 4086 838 4150 decidendum
863 4106 929 4151 cum
949 4086 1101 4151 llollandis
1120 4086 1157 4149 de
1182 4084 1388 4149 arausouionsi
1407 4104 1480 4149 snc-

285 4192 441 4265 cessiono,
464 4194 572 4277 partim
594 4200 626 4260 ut
646 4196 771 4279 propior
792 4215 863 4261 esso
877 4196 989 4281 possit,
1010 4196 1036 4259 si
1060 4200 1206 4261 tractatus
1221 4194 1376 4277 generalis
1400 4193 1482 4277 pacis

283 4307 317 4365 ut
330 4300 439 4367 dicitnr
453 4322 526 4367 rere
541 4305 756 4369 successerint.

372 4410 553 4475 Caeterum.
571 4462 579 4477 .
599 4460 606 4473 .
