<?xml version="1.0" encoding="UTF-8"?>
<!DOCTYPE html PUBLIC "-//W3C//DTD XHTML 1.0 Transitional//EN"
    "http://www.w3.org/TR/xhtml1/DTD/xhtml1-transitional.dtd">
<html xmlns="http://www.w3.org/1999/xhtml" xml:lang="en" lang="en">
 <head>
  <title>
</title>
<meta http-equiv="Content-Type" content="text/html;charset=utf-8" />
  <meta name='ocr-system' content='tesseract 3.04.00' />
  <meta name='ocr-capabilities' content='ocr_page ocr_carea ocr_par ocr_line ocrx_word'/>
</head>
<body>
  <div class='ocr_page' id='page_1' title='image "./fontesrerumaust22kommgoog_0189.png"; bbox 0 0 3117 5084; ppageno 0'>
   <div class='ocr_carea' id='block_1_1' title="bbox 288 364 364 435">
    <p class='ocr_par' dir='ltr' id='par_1_1' title="bbox 288 364 364 435">
     <span class='ocr_line' id='line_1_1' title="bbox 288 364 364 435; baseline 0 -1"><span class='ocrx_word' id='word_1_1' title='bbox 288 364 364 435; x_wconf 82' lang='grc'>148</span> 
     </span>
    </p>
   </div>
   <div class='ocr_carea' id='block_1_2' title="bbox 281 539 1488 2448">
    <p class='ocr_par' dir='ltr' id='par_1_2' title="bbox 283 539 1488 1816">
     <span class='ocr_line' id='line_1_2' title="bbox 284 539 1482 627; baseline 0.001 -25"><span class='ocrx_word' id='word_1_2' title='bbox 284 558 399 603; x_wconf 84' lang='lat' dir='ltr'><strong>annero</strong></span> <span class='ocrx_word' id='word_1_3' title='bbox 431 543 557 624; x_wconf 89' lang='lat' dir='ltr'><strong>apparet</strong></span> <span class='ocrx_word' id='word_1_4' title='bbox 588 558 664 623; x_wconf 88' lang='lat' dir='ltr'><strong>quae</strong></span> <span class='ocrx_word' id='word_1_5' title='bbox 696 541 735 604; x_wconf 90' lang='lat' dir='ltr'><strong>sit</strong></span> <span class='ocrx_word' id='word_1_6' title='bbox 765 540 885 604; x_wconf 86' lang='lat' dir='ltr'><strong>Domini</strong></span> <span class='ocrx_word' id='word_1_7' title='bbox 911 539 1060 623; x_wconf 89' lang='lat' dir='ltr'><strong>Wegneri</strong></span> <span class='ocrx_word' id='word_1_8' title='bbox 1092 541 1231 627; x_wconf 88' lang='lat' dir='ltr'><strong>pudenda</strong></span> <span class='ocrx_word' id='word_1_9' title='bbox 1258 540 1482 624; x_wconf 78' lang='lat' dir='ltr'><strong>tergiversatio.</strong></span> 
     </span>
     <span class='ocr_line' id='line_1_3' title="bbox 283 647 1485 734; baseline -0.002 -21"><span class='ocrx_word' id='word_1_10' title='bbox 283 649 433 731; x_wconf 85' lang='lat' dir='ltr'><strong>Rogaram</strong></span> <span class='ocrx_word' id='word_1_11' title='bbox 464 649 494 712; x_wconf 89' lang='lat' dir='ltr'><strong>in</strong></span> <span class='ocrx_word' id='word_1_12' title='bbox 516 647 694 733; x_wconf 86' lang='lat' dir='ltr'><strong>quibusdam</strong></span> <span class='ocrx_word' id='word_1_13' title='bbox 716 649 792 712; x_wconf 90' lang='lat' dir='ltr'><strong>meis</strong></span> <span class='ocrx_word' id='word_1_14' title='bbox 816 648 850 712; x_wconf 87' lang='lat' dir='ltr'><strong>P.</strong></span> <span class='ocrx_word' id='word_1_15' title='bbox 867 649 903 712; x_wconf 96' lang='lat' dir='ltr'><strong>D.</strong></span> <span class='ocrx_word' id='word_1_16' title='bbox 917 647 953 713; x_wconf 89' lang='lat' dir='ltr'><strong>V.</strong></span> <span class='ocrx_word' id='word_1_17' title='bbox 970 654 1003 713; x_wconf 93' lang='lat' dir='ltr'><strong>ut</strong></span> <span class='ocrx_word' id='word_1_18' title='bbox 1018 649 1136 714; x_wconf 92' lang='lat' dir='ltr'><strong>modum</strong></span> <span class='ocrx_word' id='word_1_19' title='bbox 1155 650 1294 734; x_wconf 91' lang='lat' dir='ltr'><strong>reperire</strong></span> <span class='ocrx_word' id='word_1_20' title='bbox 1310 653 1485 720; x_wconf 86' lang='lat' dir='ltr'><strong>conaretur,</strong></span> 
     </span>
     <span class='ocr_line' id='line_1_4' title="bbox 285 756 1486 841; baseline -0.002 -20"><span class='ocrx_word' id='word_1_21' title='bbox 285 776 343 841; x_wconf 89' lang='lat' dir='ltr'><strong>quo</strong></span> <span class='ocrx_word' id='word_1_22' title='bbox 372 757 488 821; x_wconf 90' lang='lat' dir='ltr'><strong>minore</strong></span> <span class='ocrx_word' id='word_1_23' title='bbox 517 777 583 820; x_wconf 89' lang='lat' dir='ltr'><strong>oum</strong></span> <span class='ocrx_word' id='word_1_24' title='bbox 611 756 738 828; x_wconf 86' lang='lat' dir='ltr'><strong>damno,</strong></span> <span class='ocrx_word' id='word_1_25' title='bbox 767 756 816 821; x_wconf 85' lang='lat' dir='ltr'><strong>vel</strong></span> <span class='ocrx_word' id='word_1_26' title='bbox 840 756 960 822; x_wconf 90' lang='lat' dir='ltr'><strong>omnino</strong></span> <span class='ocrx_word' id='word_1_27' title='bbox 982 758 1048 822; x_wconf 90' lang='lat' dir='ltr'><strong>sine</strong></span> <span class='ocrx_word' id='word_1_28' title='bbox 1072 757 1187 840; x_wconf 86' lang='lat' dir='ltr'><strong>Cambij</strong></span> <span class='ocrx_word' id='word_1_29' title='bbox 1209 757 1414 841; x_wconf 82' lang='lat' dir='ltr'><strong>persolutione</strong></span> <span class='ocrx_word' id='word_1_30' title='bbox 1435 757 1486 819; x_wconf 90' lang='lat' dir='ltr'><strong>bic</strong></span> 
     </span>
     <span class='ocr_line' id='line_1_5' title="bbox 284 865 1486 950; baseline 0.002 -22"><span class='ocrx_word' id='word_1_31' title='bbox 284 867 411 950; x_wconf 89' lang='lat' dir='ltr'><strong>pecunia</strong></span> <span class='ocrx_word' id='word_1_32' title='bbox 432 867 582 930; x_wconf 91' lang='lat' dir='ltr'><strong>numerari</strong></span> <span class='ocrx_word' id='word_1_33' title='bbox 607 871 726 949; x_wconf 88' lang='lat' dir='ltr'><strong>posset,</strong></span> <span class='ocrx_word' id='word_1_34' title='bbox 748 867 803 930; x_wconf 89' lang='lat' dir='ltr'><strong>sed</strong></span> <span class='ocrx_word' id='word_1_35' title='bbox 828 886 895 929; x_wconf 88' lang='lat' dir='ltr'><strong>cum</strong></span> <span class='ocrx_word' id='word_1_36' title='bbox 917 865 1034 930; x_wconf 83' lang='lat' dir='ltr'><strong>videam</strong></span> <span class='ocrx_word' id='word_1_37' title='bbox 1058 888 1094 930; x_wconf 84' lang='lat' dir='ltr'><strong>er</strong></span> <span class='ocrx_word' id='word_1_38' title='bbox 1119 867 1255 932; x_wconf 91' lang='lat' dir='ltr'><strong>omnibus</strong></span> <span class='ocrx_word' id='word_1_39' title='bbox 1275 865 1486 930; x_wconf 76' lang='lat' dir='ltr'><strong>occasionibus</strong></span> 
     </span>
     <span class='ocr_line' id='line_1_6' title="bbox 285 973 1486 1060; baseline -0.001 -23"><span class='ocrx_word' id='word_1_40' title='bbox 285 994 385 1038; x_wconf 91' lang='lat' dir='ltr'><strong>ansam</strong></span> <span class='ocrx_word' id='word_1_41' title='bbox 408 974 641 1039; x_wconf 87' lang='lat' dir='ltr'><strong>retardationum</strong></span> <span class='ocrx_word' id='word_1_42' title='bbox 665 979 695 1038; x_wconf 91' lang='lat' dir='ltr'><strong>et</strong></span> <span class='ocrx_word' id='word_1_43' title='bbox 724 975 967 1057; x_wconf 85' lang='lat' dir='ltr'><strong>superfugiorum</strong></span> <span class='ocrx_word' id='word_1_44' title='bbox 990 976 1095 1060; x_wconf 88' lang='lat' dir='ltr'><strong>quaeri</strong></span> <span class='ocrx_word' id='word_1_45' title='bbox 1118 981 1149 1038; x_wconf 92' lang='lat' dir='ltr'><strong>et</strong></span> <span class='ocrx_word' id='word_1_46' title='bbox 1170 975 1261 1060; x_wconf 80' lang='lat' dir='ltr'><strong>arripi</strong></span> <span class='ocrx_word' id='word_1_47' title='bbox 1283 973 1426 1060; x_wconf 88' lang='lat' dir='ltr'><strong>quidquid</strong></span> <span class='ocrx_word' id='word_1_48' title='bbox 1448 993 1486 1036; x_wconf 90' lang='lat' dir='ltr'><strong>eo</strong></span> 
     </span>
     <span class='ocr_line' id='line_1_7' title="bbox 285 1082 1488 1166; baseline 0 -20"><span class='ocrx_word' id='word_1_49' title='bbox 285 1082 440 1147; x_wconf 87' lang='lat' dir='ltr'><strong>deservire</strong></span> <span class='ocrx_word' id='word_1_50' title='bbox 456 1089 570 1166; x_wconf 85' lang='lat' dir='ltr'><strong>posset,</strong></span> <span class='ocrx_word' id='word_1_51' title='bbox 587 1082 655 1146; x_wconf 91' lang='lat' dir='ltr'><strong>ideo</strong></span> <span class='ocrx_word' id='word_1_52' title='bbox 676 1103 750 1165; x_wconf 93' lang='lat' dir='ltr'><strong>rogo</strong></span> <span class='ocrx_word' id='word_1_53' title='bbox 767 1083 801 1147; x_wconf 88' lang='lat' dir='ltr'><strong>P.</strong></span> <span class='ocrx_word' id='word_1_54' title='bbox 818 1084 855 1147; x_wconf 92' lang='lat' dir='ltr'><strong>D.</strong></span> <span class='ocrx_word' id='word_1_55' title='bbox 868 1083 904 1148; x_wconf 87' lang='lat' dir='ltr'><strong>v.</strong></span> <span class='ocrx_word' id='word_1_56' title='bbox 922 1082 1064 1166; x_wconf 80' lang='lat' dir='ltr'><strong>dignetur</strong></span> <span class='ocrx_word' id='word_1_57' title='bbox 1085 1083 1267 1148; x_wconf 83' lang='lat' dir='ltr'><strong>solummodo</strong></span> <span class='ocrx_word' id='word_1_58' title='bbox 1285 1083 1437 1166; x_wconf 84' lang='lat' dir='ltr'><strong>adurgere</strong></span> <span class='ocrx_word' id='word_1_59' title='bbox 1453 1087 1488 1146; x_wconf 91' lang='lat' dir='ltr'><strong>ut</strong></span> 
     </span>
     <span class='ocr_line' id='line_1_8' title="bbox 285 1190 1488 1276; baseline -0.001 -22"><span class='ocrx_word' id='word_1_60' title='bbox 285 1192 430 1254; x_wconf 87' lang='lat' dir='ltr'><strong>Dominus</strong></span> <span class='ocrx_word' id='word_1_61' title='bbox 446 1191 596 1275; x_wconf 82' lang='lat' dir='ltr'><strong>Lafarque</strong></span> <span class='ocrx_word' id='word_1_62' title='bbox 613 1190 863 1275; x_wconf 89' lang='lat' dir='ltr'><strong>correspondenti</strong></span> <span class='ocrx_word' id='word_1_63' title='bbox 880 1211 934 1254; x_wconf 90' lang='lat' dir='ltr'><strong>seu</strong></span> <span class='ocrx_word' id='word_1_64' title='bbox 949 1193 1134 1254; x_wconf 79' lang='lat' dir='ltr'><strong>mandatorio</strong></span> <span class='ocrx_word' id='word_1_65' title='bbox 1152 1193 1202 1276; x_wconf 80' lang='lat' dir='ltr'><strong>qui</strong></span> <span class='ocrx_word' id='word_1_66' title='bbox 1219 1191 1350 1255; x_wconf 89' lang='lat' dir='ltr'><strong>Derolini</strong></span> <span class='ocrx_word' id='word_1_67' title='bbox 1367 1196 1432 1262; x_wconf 87' lang='lat' dir='ltr'><strong>est,</strong></span> <span class='ocrx_word' id='word_1_68' title='bbox 1456 1195 1488 1253; x_wconf 92' lang='lat' dir='ltr'><strong>ct</strong></span> 
     </span>
     <span class='ocr_line' id='line_1_9' title="bbox 284 1299 1486 1385; baseline -0.001 -22"><span class='ocrx_word' id='word_1_69' title='bbox 284 1300 371 1370; x_wconf 87' lang='lat' dir='ltr'><strong>baec,</strong></span> <span class='ocrx_word' id='word_1_70' title='bbox 381 1319 456 1384; x_wconf 84' lang='lat' dir='ltr'><strong>quae</strong></span> <span class='ocrx_word' id='word_1_71' title='bbox 465 1300 616 1364; x_wconf 85' lang='lat' dir='ltr'><strong>inannexo</strong></span> <span class='ocrx_word' id='word_1_72' title='bbox 626 1301 768 1382; x_wconf 88' lang='lat' dir='ltr'><strong>leguntur</strong></span> <span class='ocrx_word' id='word_1_73' title='bbox 777 1299 1065 1383; x_wconf 85' lang='lat' dir='ltr'><strong>signifieat.Summa</strong></span> <span class='ocrx_word' id='word_1_74' title='bbox 1075 1300 1486 1385; x_wconf 67' lang='lat' dir='ltr'><strong>DDDDlmperialiummnnc·</strong></span> 
     </span>
     <span class='ocr_line' id='line_1_10' title="bbox 285 1407 1487 1490; baseline 0 -21"><span class='ocrx_word' id='word_1_75' title='bbox 285 1413 380 1479; x_wconf 87' lang='lat' dir='ltr'><strong>retur,</strong></span> <span class='ocrx_word' id='word_1_76' title='bbox 401 1427 440 1470; x_wconf 92' lang='lat' dir='ltr'><strong>ne</strong></span> <span class='ocrx_word' id='word_1_77' title='bbox 463 1409 492 1469; x_wconf 93' lang='lat' dir='ltr'><strong>in</strong></span> <span class='ocrx_word' id='word_1_78' title='bbox 510 1429 600 1472; x_wconf 86' lang='lat' dir='ltr'><strong>noras</strong></span> <span class='ocrx_word' id='word_1_79' title='bbox 616 1409 723 1472; x_wconf 86' lang='lat' dir='ltr'><strong>iterum</strong></span> <span class='ocrx_word' id='word_1_80' title='bbox 746 1407 890 1490; x_wconf 79' lang='lat' dir='ltr'><strong>ambages</strong></span> <span class='ocrx_word' id='word_1_81' title='bbox 912 1407 1085 1472; x_wconf 88' lang='lat' dir='ltr'><strong>incidamus.</strong></span> <span class='ocrx_word' id='word_1_82' title='bbox 1118 1409 1276 1472; x_wconf 85' lang='lat' dir='ltr'><strong>Caeterum</strong></span> <span class='ocrx_word' id='word_1_83' title='bbox 1293 1410 1391 1472; x_wconf 92' lang='lat' dir='ltr'><strong>omnia</strong></span> <span class='ocrx_word' id='word_1_84' title='bbox 1407 1407 1487 1472; x_wconf 82' lang='lat' dir='ltr'><strong>bona</strong></span> 
     </span>
     <span class='ocr_line' id='line_1_11' title="bbox 285 1515 1485 1602; baseline 0 -24"><span class='ocrx_word' id='word_1_85' title='bbox 285 1515 433 1600; x_wconf 87' lang='lat' dir='ltr'><strong>speranda</strong></span> <span class='ocrx_word' id='word_1_86' title='bbox 450 1521 519 1580; x_wconf 91' lang='lat' dir='ltr'><strong>sunt</strong></span> <span class='ocrx_word' id='word_1_87' title='bbox 535 1538 589 1601; x_wconf 95' lang='lat' dir='ltr'><strong>pro</strong></span> <span class='ocrx_word' id='word_1_88' title='bbox 605 1517 715 1587; x_wconf 87' lang='lat' dir='ltr'><strong>Patria,</strong></span> <span class='ocrx_word' id='word_1_89' title='bbox 733 1518 780 1579; x_wconf 84' lang='lat' dir='ltr'><strong>vel</strong></span> <span class='ocrx_word' id='word_1_90' title='bbox 799 1518 876 1579; x_wconf 90' lang='lat' dir='ltr'><strong>enim</strong></span> <span class='ocrx_word' id='word_1_91' title='bbox 893 1538 949 1602; x_wconf 91' lang='lat' dir='ltr'><strong>per</strong></span> <span class='ocrx_word' id='word_1_92' title='bbox 964 1516 1128 1599; x_wconf 84' lang='lat' dir='ltr'><strong>Colligatos</strong></span> <span class='ocrx_word' id='word_1_93' title='bbox 1145 1538 1250 1602; x_wconf 88' lang='lat' dir='ltr'><strong>pacem</strong></span> <span class='ocrx_word' id='word_1_94' title='bbox 1270 1516 1485 1586; x_wconf 87' lang='lat' dir='ltr'><strong>obtinebimus,</strong></span> 
     </span>
     <span class='ocr_line' id='line_1_12' title="bbox 287 1623 1484 1710; baseline 0.001 -23"><span class='ocrx_word' id='word_1_95' title='bbox 287 1625 335 1687; x_wconf 90' lang='lat' dir='ltr'><strong>rel</strong></span> <span class='ocrx_word' id='word_1_96' title='bbox 357 1625 422 1708; x_wconf 86' lang='lat' dir='ltr'><strong>ipsa</strong></span> <span class='ocrx_word' id='word_1_97' title='bbox 444 1645 547 1688; x_wconf 90' lang='lat' dir='ltr'><strong>rerum</strong></span> <span class='ocrx_word' id='word_1_98' title='bbox 560 1623 785 1707; x_wconf 85' lang='lat' dir='ltr'><strong>Europaearum</strong></span> <span class='ocrx_word' id='word_1_99' title='bbox 809 1625 965 1710; x_wconf 85' lang='lat' dir='ltr'><strong>dispositio</strong></span> <span class='ocrx_word' id='word_1_100' title='bbox 982 1625 1019 1687; x_wconf 91' lang='lat' dir='ltr'><strong>ad</strong></span> <span class='ocrx_word' id='word_1_101' title='bbox 1034 1626 1229 1690; x_wconf 87' lang='lat' dir='ltr'><strong>mutationem</strong></span> <span class='ocrx_word' id='word_1_102' title='bbox 1243 1645 1346 1689; x_wconf 90' lang='lat' dir='ltr'><strong>rerum</strong></span> <span class='ocrx_word' id='word_1_103' title='bbox 1362 1631 1484 1689; x_wconf 82' lang='lat' dir='ltr'><strong>nostra·</strong></span> 
     </span>
     <span class='ocr_line' id='line_1_13' title="bbox 287 1731 847 1816; baseline 0.002 -21"><span class='ocrx_word' id='word_1_104' title='bbox 287 1753 351 1796; x_wconf 93' lang='lat' dir='ltr'><strong>rum</strong></span> <span class='ocrx_word' id='word_1_105' title='bbox 367 1732 453 1798; x_wconf 73' lang='lat' dir='ltr'><strong>breui</strong></span> <span class='ocrx_word' id='word_1_106' title='bbox 470 1734 662 1797; x_wconf 77' lang='lat' dir='ltr'><strong>occasionem</strong></span> <span class='ocrx_word' id='word_1_107' title='bbox 678 1731 847 1816; x_wconf 85' lang='lat' dir='ltr'><strong>praebebit.</strong></span> 
     </span>
    </p>

    <p class='ocr_par' dir='ltr' id='par_1_3' title="bbox 281 1841 1487 2358">
     <span class='ocr_line' id='line_1_14' title="bbox 377 1841 1485 1926; baseline -0.001 -21"><span class='ocrx_word' id='word_1_108' title='bbox 377 1841 461 1926; x_wconf 80' lang='lat' dir='ltr'><strong>Quod</strong></span> <span class='ocrx_word' id='word_1_109' title='bbox 484 1842 551 1905; x_wconf 84' lang='lat' dir='ltr'><strong>vina</strong></span> <span class='ocrx_word' id='word_1_110' title='bbox 574 1841 609 1905; x_wconf 85' lang='grc' dir='ltr'><strong>Ε.</strong></span> <span class='ocrx_word' id='word_1_111' title='bbox 626 1841 663 1905; x_wconf 91' lang='lat' dir='ltr'><strong>D.</strong></span> <span class='ocrx_word' id='word_1_112' title='bbox 682 1841 715 1905; x_wconf 92' lang='lat' dir='ltr'><strong>C.</strong></span> <span class='ocrx_word' id='word_1_113' title='bbox 738 1841 894 1925; x_wconf 83' lang='lat' dir='ltr'><strong>Beroseny</strong></span> <span class='ocrx_word' id='word_1_114' title='bbox 915 1841 1024 1906; x_wconf 89' lang='lat' dir='ltr'><strong>attinet</strong></span> <span class='ocrx_word' id='word_1_115' title='bbox 1044 1861 1148 1906; x_wconf 91' lang='lat' dir='ltr'><strong>corum</strong></span> <span class='ocrx_word' id='word_1_116' title='bbox 1170 1841 1390 1907; x_wconf 81' lang='lat' dir='ltr'><strong>exsolutionem</strong></span> <span class='ocrx_word' id='word_1_117' title='bbox 1411 1846 1485 1925; x_wconf 92' lang='lat' dir='ltr'><strong>puto</strong></span> 
     </span>
     <span class='ocr_line' id='line_1_15' title="bbox 281 1949 1487 2035; baseline -0.002 -19"><span class='ocrx_word' id='word_1_118' title='bbox 281 1953 365 2035; x_wconf 83' lang='lat' dir='ltr'><strong>juxta</strong></span> <span class='ocrx_word' id='word_1_119' title='bbox 387 1953 466 2015; x_wconf 86' lang='lat' dir='ltr'><strong>Suae</strong></span> <span class='ocrx_word' id='word_1_120' title='bbox 489 1950 671 2015; x_wconf 86' lang='lat' dir='ltr'><strong>Serenitatis</strong></span> <span class='ocrx_word' id='word_1_121' title='bbox 694 1949 919 2034; x_wconf 82' lang='lat' dir='ltr'><strong>dispositionem</strong></span> <span class='ocrx_word' id='word_1_122' title='bbox 946 1950 1074 2015; x_wconf 85' lang='lat' dir='ltr'><strong>futuram</strong></span> <span class='ocrx_word' id='word_1_123' title='bbox 1098 1971 1156 2035; x_wconf 82' lang='lat' dir='ltr'><strong>quo</strong></span> <span class='ocrx_word' id='word_1_124' title='bbox 1178 1971 1250 2015; x_wconf 90' lang='lat' dir='ltr'><strong>casu</strong></span> <span class='ocrx_word' id='word_1_125' title='bbox 1273 1970 1341 2014; x_wconf 89' lang='lat' dir='ltr'><strong>curn</strong></span> <span class='ocrx_word' id='word_1_126' title='bbox 1362 1949 1402 2014; x_wconf 90' lang='lat' dir='ltr'><strong>D.</strong></span> <span class='ocrx_word' id='word_1_127' title='bbox 1425 1951 1487 2014; x_wconf 72' lang='lat' dir='ltr'><strong>Vm</strong></span> 
     </span>
     <span class='ocr_line' id='line_1_16' title="bbox 285 2056 1486 2145; baseline -0.002 -23"><span class='ocrx_word' id='word_1_128' title='bbox 285 2061 401 2124; x_wconf 86' lang='lat' dir='ltr'><strong>servire</strong></span> <span class='ocrx_word' id='word_1_129' title='bbox 418 2079 544 2123; x_wconf 90' lang='lat' dir='ltr'><strong>conarer</strong></span> <span class='ocrx_word' id='word_1_130' title='bbox 560 2056 712 2122; x_wconf 90' lang='lat' dir='ltr'><strong>suadendo</strong></span> <span class='ocrx_word' id='word_1_131' title='bbox 730 2064 761 2121; x_wconf 91' lang='lat' dir='ltr'><strong>et</strong></span> <span class='ocrx_word' id='word_1_132' title='bbox 777 2057 962 2122; x_wconf 86' lang='lat' dir='ltr'><strong>adhortando</strong></span> <span class='ocrx_word' id='word_1_133' title='bbox 986 2061 1035 2143; x_wconf 87' lang='lat' dir='ltr'><strong>qui</strong></span> <span class='ocrx_word' id='word_1_134' title='bbox 1059 2061 1089 2122; x_wconf 94' lang='lat' dir='ltr'><strong>in</strong></span> <span class='ocrx_word' id='word_1_135' title='bbox 1113 2058 1294 2145; x_wconf 88' lang='lat' dir='ltr'><strong>quibuslibet</strong></span> <span class='ocrx_word' id='word_1_136' title='bbox 1311 2059 1486 2124; x_wconf 89' lang='lat' dir='ltr'><strong>occasioni-</strong></span> 
     </span>
     <span class='ocr_line' id='line_1_17' title="bbox 285 2167 1487 2252; baseline -0.001 -21"><span class='ocrx_word' id='word_1_137' title='bbox 285 2167 343 2231; x_wconf 91' lang='lat' dir='ltr'><strong>bus</strong></span> <span class='ocrx_word' id='word_1_138' title='bbox 368 2187 490 2252; x_wconf 91' lang='lat' dir='ltr'><strong>semper</strong></span> <span class='ocrx_word' id='word_1_139' title='bbox 511 2187 578 2230; x_wconf 91' lang='lat' dir='ltr'><strong>cum</strong></span> <span class='ocrx_word' id='word_1_140' title='bbox 601 2167 679 2230; x_wconf 92' lang='lat' dir='ltr'><strong>omni</strong></span> <span class='ocrx_word' id='word_1_141' title='bbox 703 2167 894 2250; x_wconf 85' lang='lat' dir='ltr'><strong>gratitudinis</strong></span> <span class='ocrx_word' id='word_1_142' title='bbox 919 2167 1040 2232; x_wconf 88' lang='lat' dir='ltr'><strong>debitae</strong></span> <span class='ocrx_word' id='word_1_143' title='bbox 1061 2168 1171 2233; x_wconf 81' lang='lat' dir='ltr'><strong>adactu</strong></span> <span class='ocrx_word' id='word_1_144' title='bbox 1191 2187 1405 2252; x_wconf 90' lang='lat' dir='ltr'><strong>permansurus</strong></span> <span class='ocrx_word' id='word_1_145' title='bbox 1421 2186 1487 2230; x_wconf 90' lang='lat' dir='ltr'><strong>sum</strong></span> 
     </span>
     <span class='ocr_line' id='line_1_18' title="bbox 286 2274 1253 2358; baseline 0.002 -20"><span class='ocrx_word' id='word_1_146' title='bbox 286 2274 431 2358; x_wconf 85' lang='lat' dir='ltr'><strong>Ejusdem</strong></span> <span class='ocrx_word' id='word_1_147' title='bbox 449 2275 633 2340; x_wconf 88' lang='lat' dir='ltr'><strong>Perillustris</strong></span> <span class='ocrx_word' id='word_1_148' title='bbox 650 2295 685 2338; x_wconf 91' lang='lat' dir='ltr'><strong>ac</strong></span> <span class='ocrx_word' id='word_1_149' title='bbox 702 2275 878 2339; x_wconf 89' lang='lat' dir='ltr'><strong>Generosae</strong></span> <span class='ocrx_word' id='word_1_150' title='bbox 893 2275 1109 2339; x_wconf 90' lang='lat' dir='ltr'><strong>Dominationis</strong></span> <span class='ocrx_word' id='word_1_151' title='bbox 1125 2277 1253 2341; x_wconf 85' lang='lat' dir='ltr'><strong>Vestrae</strong></span> 
     </span>
    </p>

    <p class='ocr_par' dir='ltr' id='par_1_4' title="bbox 1016 2384 1374 2448">
     <span class='ocr_line' id='line_1_19' title="bbox 1016 2384 1374 2448; baseline 0 -2"><span class='ocrx_word' id='word_1_152' title='bbox 1016 2384 1243 2448; x_wconf 78' lang='lat' dir='ltr'><strong>Addictissimus</strong></span> <span class='ocrx_word' id='word_1_153' title='bbox 1259 2385 1374 2448; x_wconf 83' lang='lat' dir='ltr'><strong>Servus</strong></span> 
     </span>
    </p>
   </div>
   <div class='ocr_carea' id='block_1_3' title="bbox 1069 2492 1314 2576">
    <p class='ocr_par' dir='ltr' id='par_1_5' title="bbox 1069 2492 1314 2576">
     <span class='ocr_line' id='line_1_20' title="bbox 1069 2492 1314 2576; baseline 0.004 -20"><span class='ocrx_word' id='word_1_154' title='bbox 1069 2492 1107 2556; x_wconf 94' lang='lat' dir='ltr'><strong>D.</strong></span> <span class='ocrx_word' id='word_1_155' title='bbox 1124 2494 1158 2557; x_wconf 88' lang='lat' dir='ltr'><strong>H.</strong></span> <span class='ocrx_word' id='word_1_156' title='bbox 1177 2494 1210 2556; x_wconf 89' lang='lat' dir='ltr'><strong>D.</strong></span> <span class='ocrx_word' id='word_1_157' title='bbox 1228 2513 1267 2556; x_wconf 92' lang='lat' dir='ltr'><strong>m.</strong></span> <span class='ocrx_word' id='word_1_158' title='bbox 1285 2513 1314 2576; x_wconf 93' lang='lat' dir='ltr'><strong>p.</strong></span> 
     </span>
    </p>
   </div>
   <div class='ocr_carea' id='block_1_4' title="bbox 279 2617 1484 3028">
    <p class='ocr_par' dir='ltr' id='par_1_6' title="bbox 279 2617 1484 3028">
     <span class='ocr_line' id='line_1_21' title="bbox 372 2617 1484 2690; baseline -0.001 -9"><span class='ocrx_word' id='word_1_159' title='bbox 372 2618 405 2682; x_wconf 87' lang='lat' dir='ltr'><strong>P.</strong></span> <span class='ocrx_word' id='word_1_160' title='bbox 424 2619 456 2681; x_wconf 90' lang='lat' dir='ltr'><strong>S.</strong></span> <span class='ocrx_word' id='word_1_161' title='bbox 475 2620 539 2682; x_wconf 89' lang='lat' dir='ltr'><strong>lloc</strong></span> <span class='ocrx_word' id='word_1_162' title='bbox 563 2623 713 2682; x_wconf 90' lang='lat' dir='ltr'><strong>momento</strong></span> <span class='ocrx_word' id='word_1_163' title='bbox 730 2619 839 2690; x_wconf 80' lang='lat' dir='ltr'><strong>nescii,</strong></span> <span class='ocrx_word' id='word_1_164' title='bbox 864 2617 1010 2682; x_wconf 80' lang='lat' dir='ltr'><strong>Comitem</strong></span> <span class='ocrx_word' id='word_1_165' title='bbox 1033 2619 1069 2682; x_wconf 89' lang='lat' dir='ltr'><strong>ab</strong></span> <span class='ocrx_word' id='word_1_166' title='bbox 1086 2619 1284 2684; x_wconf 89' lang='lat' dir='ltr'><strong>llerberstein</strong></span> <span class='ocrx_word' id='word_1_167' title='bbox 1300 2619 1484 2682; x_wconf 86' lang='lat' dir='ltr'><strong>Caesareum</strong></span> 
     </span>
     <span class='ocr_line' id='line_1_22' title="bbox 282 2725 1483 2812; baseline 0 -23"><span class='ocrx_word' id='word_1_168' title='bbox 282 2725 468 2808; x_wconf 90' lang='lat' dir='ltr'><strong>ablegatum,</strong></span> <span class='ocrx_word' id='word_1_169' title='bbox 490 2731 540 2810; x_wconf 89' lang='lat' dir='ltr'><strong>qui</strong></span> <span class='ocrx_word' id='word_1_170' title='bbox 567 2728 683 2792; x_wconf 84' lang='lat' dir='ltr'><strong>Gedani</strong></span> <span class='ocrx_word' id='word_1_171' title='bbox 706 2729 807 2812; x_wconf 91' lang='lat' dir='ltr'><strong>degit,</strong></span> <span class='ocrx_word' id='word_1_172' title='bbox 833 2729 944 2810; x_wconf 86' lang='lat' dir='ltr'><strong>optime</strong></span> <span class='ocrx_word' id='word_1_173' title='bbox 968 2729 1065 2801; x_wconf 88' lang='lat' dir='ltr'><strong>scire,</strong></span> <span class='ocrx_word' id='word_1_174' title='bbox 1089 2750 1136 2791; x_wconf 88' lang='lat' dir='ltr'><strong>me</strong></span> <span class='ocrx_word' id='word_1_175' title='bbox 1157 2729 1313 2812; x_wconf 86' lang='lat' dir='ltr'><strong>pecuniam</strong></span> <span class='ocrx_word' id='word_1_176' title='bbox 1340 2728 1483 2790; x_wconf 87' lang='lat' dir='ltr'><strong>Derolino</strong></span> 
     </span>
     <span class='ocr_line' id='line_1_23' title="bbox 280 2834 1484 2919; baseline 0.001 -22"><span class='ocrx_word' id='word_1_177' title='bbox 280 2834 453 2899; x_wconf 92' lang='lat' dir='ltr'><strong>mittendam</strong></span> <span class='ocrx_word' id='word_1_178' title='bbox 471 2841 644 2919; x_wconf 82' lang='lat' dir='ltr'><strong>expectare,</strong></span> <span class='ocrx_word' id='word_1_179' title='bbox 662 2841 692 2898; x_wconf 89' lang='lat' dir='ltr'><strong>et</strong></span> <span class='ocrx_word' id='word_1_180' title='bbox 708 2856 848 2899; x_wconf 85' lang='lat' dir='ltr'><strong>asserere</strong></span> <span class='ocrx_word' id='word_1_181' title='bbox 866 2834 992 2898; x_wconf 90' lang='lat' dir='ltr'><strong>eandem</strong></span> <span class='ocrx_word' id='word_1_182' title='bbox 1009 2841 1143 2900; x_wconf 89' lang='lat' dir='ltr'><strong>nontam</strong></span> <span class='ocrx_word' id='word_1_183' title='bbox 1160 2837 1219 2900; x_wconf 91' lang='lat' dir='ltr'><strong>cito</strong></span> <span class='ocrx_word' id='word_1_184' title='bbox 1232 2840 1389 2900; x_wconf 83' lang='lat' dir='ltr'><strong>venturam</strong></span> <span class='ocrx_word' id='word_1_185' title='bbox 1403 2855 1484 2907; x_wconf 88' lang='lat' dir='ltr'><strong>esse,</strong></span> 
     </span>
     <span class='ocr_line' id='line_1_24' title="bbox 279 2944 453 3028; baseline -0.006 -20"><span class='ocrx_word' id='word_1_186' title='bbox 279 2944 350 3028; x_wconf 90' lang='lat' dir='ltr'><strong>quid</strong></span> <span class='ocrx_word' id='word_1_187' title='bbox 369 2945 453 3008; x_wconf 78' lang='lat' dir='ltr'><strong>boot</strong></span> 
     </span>
    </p>
   </div>
   <div class='ocr_carea' id='block_1_5' title="bbox 314 3045 895 3187">
    <p class='ocr_par' dir='ltr' id='par_1_7' title="bbox 314 3045 895 3187">
     <span class='ocr_line' id='line_1_25' title="bbox 314 3045 895 3187; baseline 0 -84"><span class='ocrx_word' id='word_1_188' title='bbox 314 3045 475 3122; x_wconf 86' lang='lat' dir='ltr'><strong>(Original.)</strong></span> <span class='ocrx_word' id='word_1_189' title='bbox 853 3124 895 3187; x_wconf 61' lang='lat'><strong>⁷3</strong></span> 
     </span>
    </p>
   </div>
   <div class='ocr_carea' id='block_1_6' title="bbox 278 3266 1480 3461">
    <p class='ocr_par' dir='ltr' id='par_1_8' title="bbox 278 3266 1480 3461">
     <span class='ocr_line' id='line_1_26' title="bbox 278 3266 1480 3352; baseline -0.001 -18"><span class='ocrx_word' id='word_1_190' title='bbox 278 3273 457 3352; x_wconf 80' lang='lat' dir='ltr'><strong>dusziige</strong></span> <span class='ocrx_word' id='word_1_191' title='bbox 487 3289 551 3333; x_wconf 90' lang='lat' dir='ltr'><strong>aus</strong></span> <span class='ocrx_word' id='word_1_192' title='bbox 581 3268 798 3333; x_wconf 88' lang='lat' dir='ltr'><strong>Schreiben</strong></span> <span class='ocrx_word' id='word_1_193' title='bbox 830 3266 898 3330; x_wconf 89' lang='lat' dir='ltr'><strong>des</strong></span> <span class='ocrx_word' id='word_1_194' title='bbox 929 3268 1160 3351; x_wconf 89' lang='lat' dir='ltr'><strong>engliscben</strong></span> <span class='ocrx_word' id='word_1_195' title='bbox 1189 3268 1414 3333; x_wconf 88' lang='lat' dir='ltr'><strong>Gesandten</strong></span> <span class='ocrx_word' id='word_1_196' title='bbox 1445 3272 1480 3333; x_wconf 94' lang='lat' dir='ltr'><strong>in</strong></span> 
     </span>
     <span class='ocr_line' id='line_1_27' title="bbox 553 3376 1200 3461; baseline -0.008 -16"><span class='ocrx_word' id='word_1_197' title='bbox 553 3378 687 3451; x_wconf 90' lang='lat' dir='ltr'><strong>Wien,</strong></span> <span class='ocrx_word' id='word_1_198' title='bbox 712 3378 874 3448; x_wconf 88' lang='lat' dir='ltr'><strong>Palmcs‚</strong></span> <span class='ocrx_word' id='word_1_199' title='bbox 899 3396 943 3439; x_wconf 92' lang='lat' dir='ltr'><strong>an</strong></span> <span class='ocrx_word' id='word_1_200' title='bbox 966 3376 1068 3440; x_wconf 84' lang='lat' dir='ltr'><strong>bord</strong></span> <span class='ocrx_word' id='word_1_201' title='bbox 1090 3376 1200 3461; x_wconf 79' lang='lat' dir='ltr'><strong>Raby.</strong></span> 
     </span>
    </p>
   </div>
   <div class='ocr_carea' id='block_1_7' title="bbox 666 3519 1088 3608">
    <p class='ocr_par' dir='ltr' id='par_1_9' title="bbox 666 3519 1088 3608">
     <span class='ocr_line' id='line_1_28' title="bbox 666 3519 1088 3608; baseline -0.002 -21"><span class='ocrx_word' id='word_1_202' title='bbox 666 3521 782 3587; x_wconf 88' lang='lat' dir='ltr'><strong>Palmes</strong></span> <span class='ocrx_word' id='word_1_203' title='bbox 800 3521 933 3588; x_wconf 90' lang='lat' dir='ltr'><strong>Wienna</strong></span> <span class='ocrx_word' id='word_1_204' title='bbox 951 3519 1088 3608; x_wconf 80' lang='grc'>(1711).</span> 
     </span>
    </p>
   </div>
   <div class='ocr_carea' id='block_1_8' title="bbox 272 3683 1480 4639">
    <p class='ocr_par' dir='ltr' id='par_1_10' title="bbox 274 3683 1480 4097">
     <span class='ocr_line' id='line_1_29' title="bbox 369 3683 1480 3767; baseline 0.001 -18"><span class='ocrx_word' id='word_1_205' title='bbox 369 3687 420 3750; x_wconf 85' lang='grc'>19.</span> <span class='ocrx_word' id='word_1_206' title='bbox 432 3683 521 3749; x_wconf 79' lang='lat' dir='ltr'><strong>Febr.</strong></span> <span class='ocrx_word' id='word_1_207' title='bbox 542 3685 649 3750; x_wconf 88' lang='lat' dir='ltr'><strong>Comes</strong></span> <span class='ocrx_word' id='word_1_208' title='bbox 662 3684 700 3748; x_wconf 91' lang='lat' dir='ltr'><strong>de</strong></span> <span class='ocrx_word' id='word_1_209' title='bbox 709 3683 893 3748; x_wconf 87' lang='lat' dir='ltr'><strong>Metternicb</strong></span> <span class='ocrx_word' id='word_1_210' title='bbox 903 3683 975 3746; x_wconf 92' lang='lat' dir='ltr'><strong>mibi</strong></span> <span class='ocrx_word' id='word_1_211' title='bbox 989 3683 1198 3756; x_wconf 90' lang='lat' dir='ltr'><strong>communicat,</strong></span> <span class='ocrx_word' id='word_1_212' title='bbox 1208 3684 1291 3767; x_wconf 90' lang='lat' dir='ltr'><strong>regis</strong></span> <span class='ocrx_word' id='word_1_213' title='bbox 1303 3685 1349 3748; x_wconf 88' lang='lat' dir='ltr'><strong>sui</strong></span> <span class='ocrx_word' id='word_1_214' title='bbox 1362 3686 1480 3750; x_wconf 91' lang='lat' dir='ltr'><strong>instan-</strong></span> 
     </span>
     <span class='ocr_line' id='line_1_30' title="bbox 275 3793 1480 3880; baseline 0.001 -21"><span class='ocrx_word' id='word_1_215' title='bbox 275 3797 331 3859; x_wconf 87' lang='lat' dir='ltr'><strong>tias</strong></span> <span class='ocrx_word' id='word_1_216' title='bbox 360 3795 484 3858; x_wconf 91' lang='lat' dir='ltr'><strong>multum</strong></span> <span class='ocrx_word' id='word_1_217' title='bbox 511 3795 539 3858; x_wconf 90' lang='lat' dir='ltr'><strong>in</strong></span> <span class='ocrx_word' id='word_1_218' title='bbox 568 3795 632 3858; x_wconf 92' lang='lat' dir='ltr'><strong>aula</strong></span> <span class='ocrx_word' id='word_1_219' title='bbox 661 3793 818 3880; x_wconf 89' lang='lat' dir='ltr'><strong>prodesse.</strong></span> <span class='ocrx_word' id='word_1_220' title='bbox 866 3793 899 3856; x_wconf 90' lang='lat' dir='ltr'><strong>lu</strong></span> <span class='ocrx_word' id='word_1_221' title='bbox 926 3793 1078 3876; x_wconf 88' lang='lat' dir='ltr'><strong>llungaria</strong></span> <span class='ocrx_word' id='word_1_222' title='bbox 1105 3793 1249 3878; x_wconf 90' lang='lat' dir='ltr'><strong>principis</strong></span> <span class='ocrx_word' id='word_1_223' title='bbox 1279 3814 1347 3857; x_wconf 94' lang='lat' dir='ltr'><strong>cum</strong></span> <span class='ocrx_word' id='word_1_224' title='bbox 1376 3795 1480 3860; x_wconf 83' lang='lat' dir='ltr'><strong>Palffio</strong></span> 
     </span>
     <span class='ocr_line' id='line_1_31' title="bbox 275 3900 1479 3989; baseline 0 -23"><span class='ocrx_word' id='word_1_225' title='bbox 275 3903 562 3989; x_wconf 89' lang='lat' dir='ltr'><strong>correspondentiae</strong></span> <span class='ocrx_word' id='word_1_226' title='bbox 586 3903 796 3968; x_wconf 86' lang='lat' dir='ltr'><strong>continuantur</strong></span> <span class='ocrx_word' id='word_1_227' title='bbox 820 3906 851 3965; x_wconf 91' lang='lat' dir='ltr'><strong>et</strong></span> <span class='ocrx_word' id='word_1_228' title='bbox 874 3902 984 3965; x_wconf 88' lang='lat' dir='ltr'><strong>missae</strong></span> <span class='ocrx_word' id='word_1_229' title='bbox 1007 3907 1077 3966; x_wconf 90' lang='lat' dir='ltr'><strong>sunt</strong></span> <span class='ocrx_word' id='word_1_230' title='bbox 1100 3900 1171 3966; x_wconf 90' lang='lat' dir='ltr'><strong>buie</strong></span> <span class='ocrx_word' id='word_1_231' title='bbox 1194 3902 1479 3987; x_wconf 88' lang='lat' dir='ltr'><strong>plenipotentiariae</strong></span> 
     </span>
     <span class='ocr_line' id='line_1_32' title="bbox 274 4009 1477 4097; baseline 0 -21"><span class='ocrx_word' id='word_1_232' title='bbox 274 4013 435 4097; x_wconf 88' lang='lat' dir='ltr'><strong>ampliores</strong></span> <span class='ocrx_word' id='word_1_233' title='bbox 452 4011 502 4075; x_wconf 89' lang='lat' dir='ltr'><strong>ubi</strong></span> <span class='ocrx_word' id='word_1_234' title='bbox 519 4013 603 4096; x_wconf 86' lang='lat' dir='ltr'><strong>plura</strong></span> <span class='ocrx_word' id='word_1_235' title='bbox 619 4013 645 4075; x_wconf 92' lang='lat' dir='ltr'><strong>si</strong></span> <span class='ocrx_word' id='word_1_236' title='bbox 662 4012 760 4075; x_wconf 87' lang='lat' dir='ltr'><strong>sciero</strong></span> <span class='ocrx_word' id='word_1_237' title='bbox 778 4010 980 4095; x_wconf 89' lang='lat' dir='ltr'><strong>punctualiter</strong></span> <span class='ocrx_word' id='word_1_238' title='bbox 992 4009 1186 4095; x_wconf 87' lang='lat' dir='ltr'><strong>perscribere</strong></span> <span class='ocrx_word' id='word_1_239' title='bbox 1200 4031 1259 4072; x_wconf 92' lang='lat' dir='ltr'><strong>non</strong></span> <span class='ocrx_word' id='word_1_240' title='bbox 1271 4011 1477 4084; x_wconf 81' lang='lat' dir='ltr'><strong>intermittam,</strong></span> 
     </span>
    </p>

    <p class='ocr_par' dir='ltr' id='par_1_11' title="bbox 272 4117 1480 4639">
     <span class='ocr_line' id='line_1_33' title="bbox 365 4117 1477 4200; baseline -0.002 -16"><span class='ocrx_word' id='word_1_241' title='bbox 365 4121 419 4184; x_wconf 80' lang='lat'><strong>25.</strong></span> <span class='ocrx_word' id='word_1_242' title='bbox 436 4118 527 4184; x_wconf 81' lang='lat' dir='ltr'><strong>Febr.</strong></span> <span class='ocrx_word' id='word_1_243' title='bbox 552 4120 661 4184; x_wconf 89' lang='lat' dir='ltr'><strong>blilord</strong></span> <span class='ocrx_word' id='word_1_244' title='bbox 672 4117 890 4200; x_wconf 87' lang='lat' dir='ltr'><strong>Peterburgius</strong></span> <span class='ocrx_word' id='word_1_245' title='bbox 906 4118 1013 4182; x_wconf 90' lang='lat' dir='ltr'><strong>nudius</strong></span> <span class='ocrx_word' id='word_1_246' title='bbox 1029 4118 1137 4182; x_wconf 88' lang='lat' dir='ltr'><strong>tertius</strong></span> <span class='ocrx_word' id='word_1_247' title='bbox 1155 4117 1318 4182; x_wconf 78' lang='lat' dir='ltr'><strong>adveniens</strong></span> <span class='ocrx_word' id='word_1_248' title='bbox 1330 4119 1398 4182; x_wconf 86' lang='lat' dir='ltr'><strong>beri</strong></span> <span class='ocrx_word' id='word_1_249' title='bbox 1411 4141 1477 4185; x_wconf 92' lang='lat' dir='ltr'><strong>cum</strong></span> 
     </span>
     <span class='ocr_line' id='line_1_34' title="bbox 273 4225 1478 4314; baseline 0 -22"><span class='ocrx_word' id='word_1_250' title='bbox 273 4251 302 4314; x_wconf 93' lang='lat' dir='ltr'><strong>p.</strong></span> <span class='ocrx_word' id='word_1_251' title='bbox 320 4229 458 4310; x_wconf 84' lang='lat' dir='ltr'><strong>Eugenio</strong></span> <span class='ocrx_word' id='word_1_252' title='bbox 475 4229 628 4312; x_wconf 88' lang='lat' dir='ltr'><strong>prandium</strong></span> <span class='ocrx_word' id='word_1_253' title='bbox 646 4229 751 4291; x_wconf 88' lang='lat' dir='ltr'><strong>sumsit</strong></span> <span class='ocrx_word' id='word_1_254' title='bbox 767 4232 799 4291; x_wconf 91' lang='lat' dir='ltr'><strong>et</strong></span> <span class='ocrx_word' id='word_1_255' title='bbox 813 4225 904 4290; x_wconf 91' lang='lat' dir='ltr'><strong>bodie</strong></span> <span class='ocrx_word' id='word_1_256' title='bbox 920 4226 957 4291; x_wconf 90' lang='lat' dir='ltr'><strong>ad</strong></span> <span class='ocrx_word' id='word_1_257' title='bbox 973 4227 1113 4290; x_wconf 81' lang='lat' dir='ltr'><strong>Caesaris</strong></span> <span class='ocrx_word' id='word_1_258' title='bbox 1130 4226 1311 4310; x_wconf 84' lang='lat' dir='ltr'><strong>colloquium</strong></span> <span class='ocrx_word' id='word_1_259' title='bbox 1329 4227 1478 4292; x_wconf 88' lang='lat' dir='ltr'><strong>admissus</strong></span> 
     </span>
     <span class='ocr_line' id='line_1_35' title="bbox 273 4333 1478 4422; baseline 0 -22"><span class='ocrx_word' id='word_1_260' title='bbox 273 4343 330 4402; x_wconf 90' lang='lat' dir='ltr'><strong>est.</strong></span> <span class='ocrx_word' id='word_1_261' title='bbox 361 4337 458 4418; x_wconf 89' lang='lat' dir='ltr'><strong>Urget</strong></span> <span class='ocrx_word' id='word_1_262' title='bbox 473 4357 578 4422; x_wconf 88' lang='lat' dir='ltr'><strong>paoem</strong></span> <span class='ocrx_word' id='word_1_263' title='bbox 595 4337 796 4420; x_wconf 90' lang='lat' dir='ltr'><strong>llungaricam</strong></span> <span class='ocrx_word' id='word_1_264' title='bbox 812 4335 876 4398; x_wconf 87' lang='lat' dir='ltr'><strong>fors</strong></span> <span class='ocrx_word' id='word_1_265' title='bbox 893 4333 1011 4397; x_wconf 81' lang='lat' dir='ltr'><strong>felicior</strong></span> <span class='ocrx_word' id='word_1_266' title='bbox 1026 4335 1055 4397; x_wconf 93' lang='lat' dir='ltr'><strong>in</strong></span> <span class='ocrx_word' id='word_1_267' title='bbox 1071 4335 1222 4398; x_wconf 86' lang='lat' dir='ltr'><strong>instantiis</strong></span> <span class='ocrx_word' id='word_1_268' title='bbox 1239 4335 1302 4398; x_wconf 89' lang='lat' dir='ltr'><strong>suis</strong></span> <span class='ocrx_word' id='word_1_269' title='bbox 1318 4357 1406 4421; x_wconf 76' lang='lat' dir='ltr'><strong>quam</strong></span> <span class='ocrx_word' id='word_1_270' title='bbox 1420 4359 1478 4419; x_wconf 88' lang='lat' dir='ltr'><strong>ego</strong></span> 
     </span>
     <span class='ocr_line' id='line_1_36' title="bbox 273 4441 1480 4530; baseline -0.003 -18"><span class='ocrx_word' id='word_1_271' title='bbox 273 4447 389 4512; x_wconf 86' lang='lat' dir='ltr'><strong>futurus</strong></span> <span class='ocrx_word' id='word_1_272' title='bbox 406 4445 444 4510; x_wconf 90' lang='lat' dir='ltr'><strong>de</strong></span> <span class='ocrx_word' id='word_1_273' title='bbox 467 4467 524 4530; x_wconf 76' lang='lat' dir='ltr'><strong>quo</strong></span> <span class='ocrx_word' id='word_1_274' title='bbox 546 4447 611 4509; x_wconf 89' lang='lat' dir='ltr'><strong>sine</strong></span> <span class='ocrx_word' id='word_1_275' title='bbox 633 4445 723 4510; x_wconf 90' lang='lat' dir='ltr'><strong>dubio</strong></span> <span class='ocrx_word' id='word_1_276' title='bbox 745 4447 812 4528; x_wconf 89' lang='lat' dir='ltr'><strong>ipse</strong></span> <span class='ocrx_word' id='word_1_277' title='bbox 828 4443 863 4508; x_wconf 84' lang='grc' dir='ltr'><strong>Ε.</strong></span> <span class='ocrx_word' id='word_1_278' title='bbox 877 4443 911 4507; x_wconf 92' lang='lat' dir='ltr'><strong>V.</strong></span> <span class='ocrx_word' id='word_1_279' title='bbox 928 4441 1110 4506; x_wconf 76' lang='lat' dir='ltr'><strong>informabit.</strong></span> <span class='ocrx_word' id='word_1_280' title='bbox 1142 4443 1186 4506; x_wconf 79' lang='lat' dir='ltr'><strong>llx</strong></span> <span class='ocrx_word' id='word_1_281' title='bbox 1210 4464 1267 4528; x_wconf 78' lang='lat' dir='ltr'><strong>qvo</strong></span> <span class='ocrx_word' id='word_1_282' title='bbox 1283 4445 1480 4509; x_wconf 90' lang='lat' dir='ltr'><strong>Consiliarius</strong></span> 
     </span>
     <span class='ocr_line' id='line_1_37' title="bbox 272 4549 1251 4639; baseline -0.004 -20"><span class='ocrx_word' id='word_1_283' title='bbox 272 4556 393 4619; x_wconf 85' lang='lat' dir='ltr'><strong>bucher</strong></span> <span class='ocrx_word' id='word_1_284' title='bbox 409 4556 438 4618; x_wconf 91' lang='lat' dir='ltr'><strong>in</strong></span> <span class='ocrx_word' id='word_1_285' title='bbox 457 4557 637 4639; x_wconf 87' lang='lat' dir='ltr'><strong>llungariam</strong></span> <span class='ocrx_word' id='word_1_286' title='bbox 655 4553 808 4625; x_wconf 86' lang='lat' dir='ltr'><strong>discessit,</strong></span> <span class='ocrx_word' id='word_1_287' title='bbox 825 4550 896 4615; x_wconf 89' lang='lat' dir='ltr'><strong>inde</strong></span> <span class='ocrx_word' id='word_1_288' title='bbox 912 4549 984 4616; x_wconf 90' lang='lat' dir='ltr'><strong>nihil</strong></span> <span class='ocrx_word' id='word_1_289' title='bbox 1000 4552 1069 4616; x_wconf 84' lang='lat' dir='ltr'><strong>nori</strong></span> <span class='ocrx_word' id='word_1_290' title='bbox 1085 4551 1251 4617; x_wconf 90' lang='lat' dir='ltr'><strong>babuimus.</strong></span> 
     </span>
    </p>
   </div>
   <div class='ocr_carea' id='block_1_9' title="bbox 0 0 1564 5084">
    <p class='ocr_par' dir='ltr' id='par_1_12' title="bbox 0 0 1564 5084">
     <span class='ocr_line' id='line_1_38' title="bbox 0 0 1564 5084; baseline 0 0"><span class='ocrx_word' id='word_1_291' title='bbox 0 0 1564 5084; x_wconf 95' lang='lat' dir='ltr'><strong> </strong></span> 
     </span>
    </p>
   </div>
  </div>
 </body>
</html>
