3117 5084
1222 361 1274 432 03

68 535 234 602 Savadkae
251 535 384 602 existens
399 557 447 602 me
464 537 694 602 assecurarerit.
719 536 996 620 Correspondentia
1006 556 1079 600 sane
1094 541 1163 601 3303
1179 536 1277 600 omnia

67 645 258 710 interteneri
270 645 364 711 debet
375 667 431 730 per
440 646 572 710 Cosaeos
585 645 774 709 Munlsatsino
788 667 846 729 per
856 646 1052 718 larislariam,
1064 644 1234 709 bublinium
1246 648 1278 708 et

70 755 268 821 Warsariam
290 758 398 819 cuntes
417 754 586 837 illususque
602 753 740 818 minirum
755 753 878 818 Literae
894 775 980 838 (13333
995 753 1188 818 securissime
1204 772 1278 836 per·

67 867 162 946 gunt.
179 863 392 927 Necessarium
404 863 528 945 insuper
541 867 588 925 est
600 865 633 926 30
644 879 773 945 capaces
787 861 823 925 ad
837 863 961 927 Gnarum
972 863 1126 926 mittantur
1140 861 1277 926 homines

69 993 136 1035 non
149 973 248 1035 solum
260 971 297 1035 30
309 970 503 1054 essopiendas
515 969 568 1034 bas
581 988 672 1034 novas
685 968 753 1034 lites
766 969 823 1034 sed
830 970 868 1034 30
878 969 1084 1055 adurgendum
1090 971 1278 1055 Majestatem

67 1100 161 1146 suam
196 1099 253 1164 qno
283 1079 455 1144 mediationi
478 1079 632 1144 ferventer
657 1079 802 1143 insistere
829 1099 890 1143 non
916 1079 1101 1163 dedignetur
1108 1101 1118 1154 ;
1147 1079 1279 1163 denique

69 1186 126 1254 3⁸⁵⁰
146 1189 276 1273 pecunia
298 1188 385 1253 nobis
407 1207 521 1252 summe
544 1187 718 1254 necessario
734 1193 782 1252 est
800 1192 832 1252 et
847 1188 967 1253 domino
982 1188 1149 1274 dablously
1163 1187 1280 1252 intra2

69 1319 200 1362 menses
214 1297 300 1362 1900
312 1297 411 1362 talleri
427 1296 503 1362 solvi
517 1296 630 1361 debent
645 1300 676 1360 et
693 1296 930 1381 quandoquidem
939 1298 1015 1362 tanti
1026 1298 1169 1362 momenti
1180 1315 1279 1380 nego·

70 1406 221 1470 tiationes
237 1405 302 1470 sine
318 1405 446 1488 pecunia
462 1403 629 1470 continuari
647 1409 809 1489 nequeunt,
825 1404 860 1468 ll.
878 1405 913 1469 V.
931 1404 1102 1488 dignabitur
1117 1405 1206 1468 2000
1222 1404 1279 1467 tlo-

70 1533 221 1578 renornm
236 1515 410 1586 remittere,
432 1517 466 1578 30
486 1533 522 1578 33
545 1533 620 1598 qrae
635 1531 690 1596 pro
708 1513 846 1597 principe
862 1519 932 1578 sunt
946 1514 1155 1598 persolvantur
1170 1517 1202 1577 et
1220 1531 1279 1595 ego

71 1643 230 1707 expensas
257 1622 446 1687 necessarias
473 1622 618 1686 hactenus
644 1621 829 1704 expectabo,
861 1623 892 1687 in
924 1642 1016 1706 super
1046 1621 1279 1705 benignissimos

71 1733 203 1797 ordines
225 1730 295 1815 quid
316 1732 396 1795 lacto
422 1750 497 1814 opus
522 1730 561 1794 sit
581 1728 633 1794 ubi
657 1749 693 1794 ex
709 1730 815 1812 llnglia
839 1736 871 1795 et
886 1729 1040 1796 Hollaudia
1061 1731 1132 1794 hinc
1147 1730 1279 1802 rediero,

71 1849 180 1907 utrum
194 1841 245 1904 hic
260 1840 392 1905 berolini
409 1839 576 1904 subsistere
592 1842 643 1904 aut
658 1859 731 1904 vero
747 1841 808 1904 iter
823 1860 922 1906 meum
938 1841 969 1903 in
986 1841 1167 1924 llungariam
1182 1839 1281 1903 conti-

71 1971 174 2016 nuare
190 1949 332 2020 debeam,
357 1949 382 2012 si
398 1969 459 2013 non
474 1948 615 2032 princeps
633 1946 765 2012 obtentis
781 1949 949 2014 alliatorum
971 1947 1205 2014 resolutionibus
1229 1967 1278 2010 me

70 2079 186 2124 rursus
208 2058 268 2122 huc
291 2055 435 2140 expedire
457 2076 494 2120 ex
514 2055 664 2137 Hungaria
685 2057 787 2120 vellet.
826 2057 940 2123 'lenuis
968 2077 1034 2122 mea
1056 2057 1156 2140 opinio
1185 2061 1281 2128 esset,

75 2168 190 2232 melius
205 2168 274 2231 fore
289 2170 322 2231 30
337 2167 417 2230 facta
432 2165 503 2229 hinc
525 2165 671 2229 relatione
693 2164 909 2249 benignissima
930 2171 1123 2250 expectarem
1145 2167 1282 2232 mandata

74 2276 116 2342 30
133 2274 273 2340 evitanda
288 2279 333 2339 tot
348 2274 460 2340 viarum
475 2272 692 2357 propemodum
707 2273 921 2359 insuperabilia
932 2275 1066 2360 pericula
1078 2275 1115 2339 ad
1127 2275 1281 2339 declinan-

75 2387 134 2451 das
158 2403 215 2470 pro
235 2388 280 2449 tot
301 2381 540 2468 expeditionibus
562 2382 675 2447 fiendas
698 2404 847 2468 expensas
868 2385 927 2448 imo
949 2386 987 2450 od
1010 2385 1180 2451 evitandum
1205 2386 1283 2470 qvod

75 2493 329 2580 pretiosissimum
352 2497 400 2557 est
419 2497 465 2558 tot
484 2492 629 2576 temporis
651 2493 789 2576 spatium.
821 2494 861 2558 llt
876 2493 946 2558 dum
962 2494 1000 2558 ad
1014 2495 1090 2559 haec
1107 2500 1191 2560 3033
1208 2515 1283 2579 qvae

76 2605 110 2667 in
143 2603 273 2686 epistola
303 2601 340 2665 30
367 2602 519 2667 Seram·-
549 2599 759 2674 eontinentur‚
784 2601 820 2666 E.
844 2602 878 2667 V.
909 2622 1089 2687 responsum
1118 2603 1283 2688 benignum

79 2716 213 2797 expecto
230 2714 289 2775 etc.

659 2849 713 2917 38.

303 2979 521 3044 Schreiben
544 2979 792 3066 Bercsenyi’s
816 2999 860 3042 an
882 2979 1066 3044 Klernent.

455 3106 625 3179 Cassoriae,
642 3103 674 3169 4.
691 3104 791 3190 llartij
810 3105 907 3169 1700.

174 3247 231 3311 103
251 3249 361 3330 jussu
378 3247 631 3312 serenissimi
654 3247 848 3331 Principis
873 3248 997 3312 accludo
1015 3248 1138 3330 Copiam
1154 3266 1285 3329 respon-

87 3357 236 3420 soriorum
253 3357 311 3420 Dni
328 3357 460 3420 Bruninx
476 3356 513 3419 30
529 3377 565 3420 33
581 3355 888 3440 quaeserenissimus
904 3357 1050 3439 Princeps
1068 3359 1173 3438 aperto
1190 3355 1287 3436 magis

85 3483 173 3549 quam
189 3465 335 3528 hactenus
352 3465 449 3528 animo
466 3469 578 3528 etcum
600 3464 762 3547 majoribus
784 3463 1068 3547 particularitatibus
1090 3464 1286 3526 sincerum

85 3573 197 3656 pacis
220 3572 459 3637 desiderium
484 3571 752 3636 remonstrantibus
775 3572 811 3634 ad
839 3573 1084 3655 complacentiam
1101 3577 1133 3636 et
1147 3572 1287 3636 satisfac-

85 3683 198 3746 tionem
214 3701 317 3744 eorum
335 3682 510 3766 quaeDnao
528 3679 586 3745 Vra
603 3680 1072 3766 exdngliaetllollandia
1097 3682 1287 3744 retulerat

87 3794 227 3872 quanta
245 3795 366 3854 tamen
383 3789 628 3852 difformitas
644 3795 682 3853 30
699 3788 849 3872 quidem
866 3789 1127 3853 contrarietas
1144 3792 1288 3873 appareat

87 3917 131 3962 cx
154 3897 215 3960 his
234 3897 374 3961 domini
390 3896 554 3960 Bruninr
571 3897 699 3961 literis
713 3916 780 3960 cum
797 3918 833 3959 33
848 3897 1032 3960 resolutione
1047 3917 1149 3981 quam
1165 3897 1286 3960 Domi-

87 4006 193 4069 natio
209 4005 345 4068 Vestra
362 4005 585 4068 obtinuerat
600 4005 703 4068 ridere
720 4005 842 4088 poterit.
866 4005 941 4067 llinc
958 4006 1159 4068 necessarium
1172 4004 1287 4088 judicat

87 4116 147 4179 Sua
164 4113 322 4177 Serenitas
340 4118 376 4177 ut
392 4114 563 4177 cumDno
583 4113 805 4196 jablonszlti
827 4113 898 4176 boc
915 4115 1073 4196 negotio
1091 4114 1284 4177 communi-

87 4230 173 4286 cato
198 4220 315 4285 aliter
338 4242 582 4304 cognoscere
606 4223 762 4286 studeat
784 4221 922 4285 Duatio
946 4223 1083 4286 Vestra
1107 4217 1286 4305 quidboc

88 4336 124 4395 et
146 4329 244 4393 unde
269 4330 361 4393 haee
386 4329 622 4395 difformitas
647 4336 684 4395 et
707 4331 950 4395 renunciatio
982 4330 1087 4412 quasi
1112 4328 1287 4393 absoluta

87 4438 331 4502 mediationis
355 4439 674 4522 promanavisset,
698 4439 794 4501 nihil
811 4436 1286 4521 enimampliushoemodo

88 4547 170 4631 spei
194 4545 306 4611 nobis
330 4546 397 4610 hac
420 4547 479 4612 ria
501 4552 740 4630 superesset
763 4551 800 4609 et
823 4547 867 4610 30
884 4548 1076 4611 turcicum
1093 4545 1288 4628 negotium
