3117 5084
1196 400 1247 470 83

40 567 222 632 omnimode
240 571 430 652 cooperetur.
463 571 558 652 lgitur
573 571 643 634 iude
660 591 784 635 movens
802 572 855 634 3l.
872 573 939 635 lan.
964 573 1135 635 Berolinum
1152 575 1247 655 attigi.

39 676 159 739 Statim
173 677 223 740 lrie
237 677 265 740 d.
278 676 442 762 ¹lablonslry
455 679 582 743 conveni
593 678 794 762 brevibusqve
810 683 991 742 momentum
1006 684 1039 742 et
1053 681 1249 744 intentionem

39 785 253 868 expeditionis
277 805 362 848 meae
385 787 551 869 significavi
575 807 610 850 ac
633 788 771 871 sequenti
793 788 843 850 die
858 788 961 850 literas
977 806 1032 871 pro
1050 785 1137 850 dour‘·
1152 789 1250 872 Urbig

40 899 74 956 ct
96 895 249 957 Bruininr
269 914 326 977 per
346 895 494 958 dominum
520 896 652 978 legatum
674 897 877 959 llollandicum
905 893 1048 959 baronem
1070 897 1108 958 de
1130 898 1248 961 Lintelo

40 1002 216 1066 Wiennam
239 1002 384 1086 expedivi.
424 1004 480 1067 Hic
502 1004 620 1085 legatus
644 1004 715 1066 milri
731 1004 853 1075 retulit,
875 1003 1025 1066 dominum
1047 1004 1085 1066 de
1106 1005 1248 1069 Bruininx

35 1112 100 1192 jam
119 1112 251 1194 primam
266 1112 355 1194 hujus
371 1111 485 1175 tenoris
502 1111 657 1194 accepisse
675 1111 832 1195 epistolam
846 1117 877 1175 ct
889 1112 1012 1174 Caesari
1027 1117 1164 1176 tenorem
1181 1116 1247 1196 ejus

39 1220 109 1281 sine
127 1241 217 1282 mora
234 1219 419 1302 exposuisse,
436 1219 473 1282 ad
490 1239 563 1303 qvae
580 1220 692 1303 aliquot
708 1241 744 1282 ex
760 1225 828 1303 post
845 1219 950 1283 diebus
967 1219 1000 1284 C.
1018 1221 1056 1284 de
1073 1222 1248 1286 Wratislaw

41 1327 169 1390 domino
192 1326 336 1391 Bruiniux
363 1329 535 1411 respondit:
576 1329 618 1392 Se
641 1329 763 1392 Caesari
785 1349 821 1391 ea
843 1349 918 1411 qvae
944 1328 1081 1393 dominns
1104 1330 1247 1393 Bruininr

42 1436 145 1498 eidem
160 1439 361 1519 proposuerat
373 1437 546 1506 reiterasse,
559 1455 642 1498 suam
654 1436 844 1518 lllajestatem
856 1442 954 1499 autem
972 1437 1043 1499 nihil
1060 1437 1138 1500 aliud
1155 1458 1246 1521 repo-

42 1545 156 1615 suisse,
170 1563 256 1628 qvam
267 1544 437 1608 emissarios
446 1543 479 1608 S.
490 1544 523 1608 V.
537 1545 575 1607 ad
587 1543 696 1608 dietam
705 1545 919 1608 Posoniensem
932 1546 1040 1608 iterum
1051 1545 1246 1609 inchoandam

42 1651 246 1715 remittendos
263 1651 322 1715 hoe
342 1653 421 1716 enim
441 1653 540 1736 legale
558 1652 688 1715 medium
706 1673 776 1716 esse
788 1654 819 1715 in
831 1653 1042 1736 paciscendam
1054 1653 1246 1735 Hungariam,

43 1759 122 1842 qvod
140 1779 197 1824 sua
213 1759 355 1843 Majestas
378 1761 512 1844 arripuit.
545 1760 698 1844 Siquidem
721 1763 751 1824 in
772 1766 903 1826 tractatu
918 1761 1114 1845 Tyrnavieusi
1134 1766 1165 1824 et
1180 1762 1246 1826 aliis

42 1868 133 1930 etiarn
164 1867 372 1932 occasionibus
395 1869 529 1952 Hungari
550 1875 728 1952 arrogantes
751 1871 864 1933 luerint
891 1876 923 1934 et
949 1889 1007 1954 per
1033 1869 1245 1934 mediationem

42 1982 141 2039 motus
165 1977 222 2040 hos
244 1977 469 2040 accommodare
496 1977 662 2048 noluerint,
686 1997 797 2059 rogare
818 1979 935 2043 interea
950 1979 1138 2060 llajestatcm
1161 1999 1245 2042 suam

42 2084 198 2148 dominum
215 2085 345 2167 legatum
361 2089 394 2149 ut
410 2085 486 2170 apud
503 2085 685 2169 principales
702 2105 773 2149 suos
790 2086 989 2170 deprecetur,
1006 2107 1044 2150 ne
1061 2087 1159 2150 eidem
1174 2089 1245 2152 talia

42 2195 243 2265 committant,
260 2214 333 2277 qvae
346 2193 451 2257 iisdem
466 2193 579 2258 Caesar
591 2193 743 2275 denegare
758 2195 1001 2260 necessitabitur.
1025 2196 1092 2260 Nou
1105 2196 1244 2261 obstante

43 2301 102 2364 hoc
116 2302 255 2365 dominns
269 2302 306 2364 de
316 2301 435 2365 Lintelo
447 2302 527 2366 bene
540 2321 587 2363 me
601 2321 725 2386 sperare
734 2302 824 2385 jubet
835 2303 873 2366 de
886 2307 995 2366 eventu
1004 2303 1092 2387 hujus
1105 2306 1244 2387 negotia-

41 2410 132 2473 tionis
151 2409 330 2495 praesertim
347 2409 415 2472 ideo
432 2410 510 2494 qvod
525 2411 643 2473 ultimas
660 2411 714 2474 has
731 2411 953 2493 propositiones
969 2413 1034 2476 aula
1046 2413 1243 2478 Wiennensis

42 2518 188 2604 inaeqvas
210 2539 279 2582 esse
302 2538 361 2581 non
384 2517 507 2590 dixerit,
531 2519 568 2582 ad
592 2537 662 2601 qvas
685 2519 831 2583 ineundas
848 2519 1023 2593 Caesarem,
1047 2522 1073 2584 si
1089 2523 1179 2604 Angli
1194 2525 1243 2606 qvi

39 2627 99 2707 jam
123 2647 184 2710 per
205 2627 316 2710 aliquot
337 2645 458 2690 meuses
475 2625 623 2690 Wiennae
641 2628 752 2690 nullum
768 2627 934 2691 ministrum
951 2628 1072 2700 habent,
1089 2632 1243 2694 ferventer

45 2753 110 2796 cum
135 2734 290 2797 llollandis
319 2735 565 2817 cooperavcrint,
597 2735 675 2819 adigi
704 2757 796 2819 posse
823 2736 943 2800 omnino
970 2737 1149 2821 sperandum
1182 2747 1240 2805 est.

43 2842 171 2907 Videtur
187 2862 261 2906 sane
277 2843 374 2906 divina
391 2843 577 2926 providentia
590 2863 695 2907 novam
708 2843 744 2906 ad
756 2843 787 2907 id
800 2842 991 2909 efficiendum
1003 2850 1142 2909 sternere
1154 2847 1239 2910 riam

44 2951 184 3016 Societas
208 2951 246 3014 de
268 2950 458 3035 propaganda
480 2951 538 3013 tide
556 2951 737 3033 Evangelioa
761 2972 798 3015 er
814 2952 965 3016 Primariis
980 2953 1104 3034 Angliae
1120 2956 1240 3018 seculu-

43 3059 126 3122 ribus
151 3079 187 3123 ac
204 3059 420 3124 ecelesiasticis
441 3059 563 3142 paribus
588 3065 619 3123 et
640 3060 779 3143 personis
800 3060 985 3131 illustribus,
1009 3062 1090 3125 inter
1111 3081 1185 3144 qvos
1199 3083 1237 3127 m.

44 3167 119 3232 dom.
138 3166 306 3251 ,lablously
323 3172 381 3240 est,
398 3171 539 3231 constans
556 3167 684 3232 Londini
700 3170 862 3252 reperitur.
889 3170 970 3233 Haec
984 3189 1123 3251 magnum
1137 3170 1240 3233 Zelum

43 3274 78 3336 ad
100 3275 326 3339 conservandos
349 3275 450 3360 utique
471 3276 628 3358 religionis
645 3277 743 3340 socios
760 3281 897 3341 testatur.
928 3279 1039 3341 Horum
1056 3280 1239 3342 secretarius

44 3382 120 3446 dom.
136 3382 303 3468 ,lablonslry
318 3384 451 3468 scripsit,
464 3383 520 3449 sibi
534 3383 669 3468 ejusdem
681 3385 751 3456 iter,
768 3384 845 3469 qvod
862 3405 939 3448 anno
951 3386 1115 3468 praeterito
1128 3387 1240 3449 Londi-

45 3513 109 3556 num
128 3494 247 3556 lecerat
261 3511 318 3554 una
332 3511 398 3555 cum
411 3492 576 3556 rationibus
590 3511 681 3575 quare
693 3513 727 3556 se
741 3492 893 3574 incognito
905 3494 1048 3564 tenuerit,
1060 3493 1238 3566 innotuisse,

46 3601 203 3665 laudandas
220 3601 350 3664 hastam
366 3599 430 3682 pias
446 3601 628 3665 intentiones
645 3599 682 3662 ad
698 3620 770 3684 qvas
787 3600 1014 3683 promovendas,
1032 3601 1058 3664 si
1076 3622 1168 3685 opera
1185 3625 1238 3666 sua

47 3712 82 3773 uti
106 3711 198 3780 velit,
220 3729 255 3772 se
279 3707 445 3772 omnimode
471 3708 499 3771 in
516 3729 553 3772 eo
570 3709 716 3781 futurum,
740 3715 773 3774 ut
795 3709 860 3793 spei
885 3715 916 3774 et
938 3709 1041 3793 petitis
1062 3710 1236 3774 satisfaciat.

46 3818 187 3902 lleposuit
203 3817 232 3880 d.
248 3815 414 3902 dablonslry
431 3837 467 3880 ao
483 3816 645 3880 seeundum
662 3818 796 3882 notitiam
812 3837 897 3901 qvam
914 3817 952 3879 de
968 3818 1098 3899 negotiis
1114 3821 1237 3901 Hunga-

46 3926 111 3990 rieis
128 3925 221 3989 habet
244 3944 352 3987 causae
376 3929 496 3988 nostrae
509 3924 654 4006 justitiam
672 3930 704 3989 et
720 3925 858 3988 Caesaris
874 3927 984 3990 iterate
1001 3926 1149 3990 exercitas
1166 3947 1237 3990 cru-

46 4033 181 4098 delitates
198 4038 231 4096 et
247 4032 390 4115 frangens
406 4031 477 4095 illud
495 4033 525 4094 in
542 4052 597 4115 qvo
610 4034 697 4097 modu
714 4053 817 4097 sumus
829 4035 1034 4117 exaggeravit,
1046 4057 1081 4099 ac
1093 4041 1127 4099 ut
1138 4036 1237 4099 socie-

45 4149 84 4206 tas
100 4141 237 4223 regiuam
255 4141 291 4202 ad
308 4139 477 4204 reiteranda
492 4139 587 4203 otlieia
600 4142 774 4205 mediatoria
787 4163 823 4205 ac
835 4141 1045 4225 paciscendam
1057 4145 1237 4227 liungarinm

45 4250 172 4320 inducat,
181 4249 298 4330 rogavit
311 4247 340 4310 id
353 4249 431 4331 (prod
443 4249 618 4312 societatem
631 4271 667 4314 co
680 4251 854 4332 diligentius
865 4253 1011 4314 facturam
1022 4273 1113 4336 spero
1127 4258 1235 4335 qvauto

45 4359 205 4422 terrentius
240 4356 371 4439 deputati
405 4357 652 4439 Evangelicorum
688 4359 900 4422 necessitatem
932 4359 1098 4424 officiorum
1130 4360 1236 4423 horum

45 4467 326 4536 demonstraverint,
348 4465 440 4530 ethis
457 4467 573 4531 cunctis
589 4487 727 4549 magnum
743 4466 860 4551 pondus
883 4468 994 4532 addent
1015 4469 1235 4552 prepositiones

45 4595 123 4640 meae
146 4595 221 4660 qvae
240 4577 303 4657 jam
327 4595 382 4656 per
397 4573 548 4638 ministros
573 4575 621 4637 hic
644 4576 808 4641 existentes
828 4577 900 4641 illuc
916 4578 1149 4642 communicatae
1165 4583 1235 4642 sunt

976 4694 994 4748 6
1001 4694 1017 4724 1
