3117 5084
298 321 349 395 74

295 501 391 584 ipsam
416 497 625 563 exhibitorum.
657 497 871 564 confoederati
887 498 966 563 enim
982 503 1077 564 status
1094 497 1312 585 pacificationis
1327 495 1487 584 passumin

295 608 372 671 haec
390 607 618 672 fundamentalia
634 612 744 691 puncta
759 607 907 691 restringi
922 608 1111 673 desiderant:

387 715 416 780 l.
441 715 481 780 Ut
501 715 709 800 diplomaticae
731 717 920 782 conditiones
943 717 1011 802 piae
1034 717 1278 782 reminiscentiae
1300 715 1486 800 imperator-'s

295 824 440 909 Leopoldi
463 825 585 889 effectui
606 824 784 889 mandentur
809 831 841 890 et
857 826 894 890 ad
910 846 962 889 eas
979 827 1012 890 S.
1030 827 1063 890 S.
1080 825 1171 908 plaja·
1189 824 1317 890 formula
1330 823 1487 907 juramenti

295 955 311 998 a
328 933 462 1019 praefata
477 934 559 1015 Maj‘·
576 955 630 999 sua
645 935 783 1017 praestiti
799 955 834 999 se
850 935 1026 1018 adstringat.
1464 943 1472 955 “

385 1045 416 1107 2.
442 1041 482 1107 Ut
497 1042 676 1125 religionum
692 1044 854 1108 transactio
870 1044 1032 1129 Szetsonyi
1046 1042 1120 1108 inita
1135 1042 1218 1107 bmna
1234 1041 1418 1107 stabiliatur.

384 1152 416 1216 3.
440 1151 480 1218 Ut
496 1151 534 1216 de
550 1151 799 1235 paciscendorum
818 1157 850 1216 et
869 1151 1078 1236 primariorum
1099 1149 1377 1218 confoederationis
1398 1169 1487 1212 mem·

294 1259 415 1324 brorum
431 1260 595 1325 securitate
611 1259 799 1324 sufficienter
813 1260 1007 1345 provideatur
1028 1267 1060 1326 et
1072 1262 1225 1346 generalis
1240 1279 1296 1324 suo
1311 1257 1404 1323 modo
1419 1279 1488 1324 eon·
1547 1290 1549 1329 r

294 1367 412 1432 cinnata
429 1369 565 1433 amnistia
581 1368 746 1452 regnicolis
762 1368 861 1433 detur.
1548 1358 1549 1388 ³

383 1474 416 1540 4.
440 1478 535 1560 Regia
556 1478 587 1540 in
604 1478 751 1541 Coronam
772 1477 927 1542 successio
949 1476 987 1541 ad
1008 1476 1197 1563 despoticum
1218 1477 1378 1540 bemlatus
1394 1476 1488 1539 domi·

295 1585 376 1648 nium
392 1605 452 1649 uon
467 1587 655 1652 extendatur.

384 1694 416 1758 5.
441 1695 481 1759 Ut
500 1697 551 1778 jus
571 1715 720 1759 armorum
736 1695 914 1779 abrogatum
929 1701 960 1760 et
976 1697 1185 1779 inperpetuum
1200 1693 1411 1758 mortificatam
1426 1693 1490 1755 eri·

293 1805 353 1866 stat
369 1806 400 1865 et
416 1803 574 1888 unicuique
589 1803 753 1886 legitimum
769 1803 916 1870 bonorum
939 1823 1060 1869 suorum
1075 1803 1235 1869 dominium
1251 1803 1440 1872 restituatur,
1461 1806 1490 1863 el

293 1910 370 1975 baec
386 1916 493 1975 cuncta

384 2019 414 2082 o.
438 2018 470 2082 in
492 2019 588 2085 libera
609 2025 641 2084 et
661 2020 723 2085 suis
745 2019 973 2085 formalitatibus
994 2026 1158 2086 convocata
1181 2039 1218 2084 ae
1241 2019 1397 2084 celebrata
1412 2018 1489 2082 dieta

294 2127 465 2191 executioni
480 2129 668 2194 mandentur.

383 2236 494 2300 Horum
515 2242 698 2321 postremam
719 2238 782 2302 suis
803 2237 900 2302 modis
922 2236 1050 2302 fiendam
1071 2237 1295 2300 conclusionem
1315 2255 1352 2299 ae
1368 2234 1488 2319 praevie

294 2342 527 2409 elaborationem
553 2364 609 2429 per
634 2346 775 2410 altefatae
800 2366 837 2409 ae
861 2348 1042 2428 conjunctim
1060 2345 1191 2409 Czareae
1206 2343 1375 2426 blajestatis
1393 2343 1489 2407 officia

294 2453 511 2535 comparandam
539 2457 683 2538 expetunt
706 2454 913 2518 confoederati
940 2459 1035 2518 status
1063 2458 1095 2517 et
1124 2473 1183 2536 ego
1208 2471 1324 2536 qroqre
1340 2452 1378 2516 ab
1395 2452 1488 2516 llusf’

295 2560 341 2622 Ψ·
357 2561 470 2625 certior
485 2559 552 2624 lieri
568 2563 666 2646 cupio.
683 2581 752 2627 num
768 2584 824 2627 suo
840 2563 927 2627 modo
945 2562 1108 2627 ordiendae
1123 2560 1336 2644 negotiationis
1356 2562 1486 2624 armisti-

294 2667 365 2731 tium
388 2674 439 2734 aut
459 2670 598 2754 praecise
620 2670 658 2734 ad
678 2671 755 2736 bace
772 2671 961 2756 exoperanda
977 2670 1150 2735 necessaria
1165 2689 1313 2734 armorum
1328 2669 1488 2753 suspensio

295 2778 445 2858 praemitti
466 2799 528 2842 non
548 2781 646 2864 possit
668 2784 699 2844 et
723 2800 878 2864 quemnam
905 2781 1004 2844 loeurn
1032 2780 1211 2863 congressui
1235 2778 1425 2842 destinatura
1451 2777 1490 2841 sit

294 2883 437 2967 ltlajestas
464 2887 524 2951 Sua
551 2893 584 2952 et
613 2893 798 2972 postremum
826 2888 952 2954 lllusl‘·¹¹
979 2887 1119 2954 Vestram
1150 2887 1268 2954 divinae
1306 2884 1490 2972 protectioni

293 2995 564 3061 recommendatam
579 3015 650 3062 esse
665 2997 764 3082 cupio.

1032 3089 1216 3155 franciscus
1236 3088 1396 3169 Princeps.

859 3249 913 3314 28.
941 3297 947 3308 .

527 3372 745 3438 Schreiben
767 3373 975 3460 Rallrdczy's
999 3396 1043 3439 an
1063 3375 1252 3439 lllement.

577 3500 774 3573 lllunlraesini‚
792 3502 841 3565 die
858 3503 888 3565 2.
905 3501 1085 3567 Nouembris
1104 3501 1201 3566 1709.

382 3641 427 3705 Ex
449 3643 571 3707 annexis
593 3644 695 3728 Copiis
718 3645 874 3708 literarum
894 3650 1064 3710 nostrarum
1087 3643 1265 3729 percipietis
1286 3662 1375 3728 quam
1401 3642 1489 3707 tarde

294 3747 481 3814 advenerunt
491 3754 702 3835 responsoriae
711 3755 831 3819 Domini
842 3755 975 3818 Bruninx
988 3775 1062 3839 quas
1076 3754 1162 3818 vobis
1175 3751 1214 3817 ob
1230 3750 1262 3815 id
1273 3751 1485 3815 transmitten-

294 3855 346 3918 das
369 3856 452 3930 duxi,
474 3865 507 3924 ut
532 3862 559 3923 l.
575 3860 771 3944 Despoticum
792 3862 888 3926 dulae
902 3864 1084 3927 Viennensis
1105 3859 1292 3946 procedendi
1312 3859 1436 3922 modom
1458 3863 1489 3921 et

293 3963 416 4028 inritum
438 3967 504 4049 ejus
527 3970 676 4033 tractandi
694 3971 822 4034 animum
837 3970 959 4035 videant
972 3972 1092 4037 Domini
1109 3972 1217 4044 alliati;
1241 3972 1273 4035 2.
1289 3974 1323 4033 ut
1333 3969 1488 4050 iusticiam

292 4074 497 4140 restrictarurn
509 4079 591 4161 pacis
608 4079 816 4146 conditionum
832 4086 864 4144 et
878 4101 936 4164 per
951 4081 1149 4164 Consequens
1164 4079 1337 4144 facilitatem
1352 4081 1488 4142 noscam

292 4180 413 4244 uberius
430 4184 581 4268 explicare
595 4188 728 4269 possitis,
745 4188 886 4269 Quamvis
900 4189 1027 4252 velimus
1041 4193 1076 4252 ut
1091 4187 1252 4253 declaretis
1267 4207 1323 4250 nos
1339 4203 1397 4269 per
1411 4184 1488 4248 haec

292 4289 386 4372 petita
407 4291 438 4352 in
454 4291 654 4358 lnstructione
675 4295 721 4360 st.
737 4295 849 4360 Juliani
869 4295 948 4361 datis
966 4295 1200 4361 resolutionibus
1215 4297 1327 4358 nostris
1343 4293 1487 4356 iuberer-e

292 4398 372 4461 velle
388 4417 445 4461 uec
461 4400 557 4463 minus
569 4407 687 4485 petere,
699 4404 754 4467 sed
766 4424 823 4487 per
834 4409 976 4488 punctum
988 4405 1167 4469 Securitatis
1178 4404 1227 4469 rel
1235 4401 1486 4486 Transsylraniae

292 4507 459 4571 cessionem
472 4508 654 4593 intelligere,
662 4512 709 4576 rel
722 4512 887 4596 expediens
903 4514 1101 4598 propositum,
1114 4512 1153 4577 ad
1167 4511 1247 4599 quod
1258 4510 1485 4597 proponendum
