3117 5084
292 320 370 392 222

289 490 477 581 Str(afford)
498 489 588 554 bodie
609 490 640 552 iu
657 488 840 553 llollandiam
857 487 930 553 abiit
949 489 988 554 ad
1009 488 1224 555 conserendum
1246 508 1312 552 cum
1330 488 1474 555 tlollandis

289 607 322 667 et
335 604 454 684 legatus
469 599 680 664 moscoriticus
696 603 766 662 ante
782 598 893 681 aliquot
907 618 1000 663 anuos
1022 597 1081 661 buc
1103 597 1233 661 aduenit.
1266 596 1429 661 Crederem
1448 598 1474 659 in

288 710 440 775 modernis
457 708 664 791 conjuncturis
680 707 713 770 S.
727 707 763 772 V.
780 707 930 771 interesse
947 708 1112 791 requirere,
1129 712 1161 771 ut
1176 706 1259 788 regis
1276 704 1435 771 Galliarum
1449 710 1477 767 et

289 821 390 886 Cauris
405 819 533 883 ministri
550 816 715 881 efficaciter
729 816 780 879 laic
796 815 993 881 inclusionem
1008 816 1040 881 S.
1059 816 1093 879 V.
1111 816 1140 879 in
1157 835 1262 899 pacem
1283 820 1426 897 urgeant,
1449 818 1477 875 et

288 930 411 991 multum
430 926 501 989 mihi
524 924 702 1008 prodesset,
725 924 751 987 si
772 922 845 987 dicti
867 923 994 987 ministri
1017 923 1046 987 in
1068 942 1170 1013 casum
1185 926 1329 985 tractatus
1345 921 1476 985 mandata

287 1037 459 1100 obtinerent
469 1033 508 1097 ad
523 1051 641 1095 mecum
656 1030 872 1095 conferendum
889 1036 921 1095 et
937 1029 975 1093 ad
990 1050 1037 1093 me
1049 1030 1222 1112 jurandum.
1252 1029 1383 1094 Obteuta
1396 1048 1477 1091 reso·

284 1145 397 1209 lotione
412 1144 443 1206 in
458 1140 645 1205 llollandiam
660 1137 788 1203 monebo
804 1138 842 1201 ad
858 1137 1061 1223 exequendam
1079 1138 1111 1203 S.
1130 1138 1164 1203 V.
1181 1137 1259 1221 apud
1283 1143 1380 1203 status
1398 1156 1477 1201 oom-

286 1251 471 1321 missiouem,
486 1269 522 1313 ac
538 1248 580 1313 ibi
595 1248 629 1313 S.
648 1246 682 1310 V.
699 1247 837 1310 mandata
853 1234 1029 1329 expectabo.
1061 1245 1208 1311 Resideus
1229 1245 1311 1328 regis
1329 1244 1477 1315 Poloniae,

288 1381 325 1425 ex
340 1380 376 1424 eo
393 1360 472 1443 quod
486 1378 536 1421 me
550 1357 693 1421 Polonum
710 1355 777 1419 dico
795 1360 826 1419 et
842 1354 920 1439 quod
936 1356 1071 1419 solitarie
1087 1355 1214 1421 uiuendo
1237 1354 1391 1419 ministros
1412 1374 1478 1417 sae·

287 1469 354 1553 pius
369 1468 438 1539 adii,
453 1486 501 1529 me
517 1464 696 1531 aStanislao
712 1466 836 1528 missum
851 1463 988 1529 eredidit.
1016 1464 1045 1529 ls
1062 1464 1159 1530 omnia
1175 1483 1241 1529 mea
1257 1464 1371 1547 scripta
1382 1463 1478 1527 taliter

287 1577 365 1659 eripi
379 1596 487 1640 curare
503 1575 605 1647 voluit,
622 1580 654 1639 ut
670 1574 790 1639 nescire
806 1574 972 1658 potuissem
989 1595 1045 1658 per
1061 1594 1148 1660 quem
1165 1575 1275 1639 sactum
1290 1575 1341 1647 sit,
1357 1579 1391 1637 et
1404 1573 1479 1636 intra

285 1686 331 1749 24
351 1683 442 1748 boras
463 1703 515 1747 res
530 1682 639 1765 exequi
656 1681 775 1754 debuit,
799 1683 856 1745 nisi
872 1682 946 1747 miro
963 1682 1052 1768 plane
1068 1681 1156 1747 modo
1172 1682 1309 1745 residens
1325 1680 1479 1765 prussious

286 1793 482 1858 intentionem
497 1790 574 1855 banc
589 1790 726 1855 resciens
742 1792 772 1854 id
789 1791 985 1876 impediisset.
1016 1791 1137 1863 Eidem,
1154 1791 1222 1875 quis
1237 1790 1309 1863 sim,
1331 1790 1478 1853 indirecte

283 1902 458 1988 aperiendo,
476 1899 567 1963 incidi
582 1905 681 1963 umen
698 1900 731 1961 in
746 1898 869 1965 Scillam
885 1898 1023 1963 evitando
1046 1898 1220 1963 charibdim.
1254 1897 1363 1963 Comes
1382 1897 1478 1961 Gallas

284 2011 374 2084 inde,
402 2010 469 2094 quis
495 2009 567 2080 sim,
600 2008 723 2079 resciit,
749 2013 783 2073 et
813 2009 885 2071 mibi
912 2008 1033 2076 easdem
1061 2009 1187 2071 teebms
1211 2007 1317 2081 struit;
1342 2007 1478 2085 omatibus

283 2121 444 2185 destitutos
458 2118 547 2182 aliter
562 2136 602 2183 ue
617 2117 681 2181 lors
698 2136 843 2199 praeseus
867 2116 1034 2198 periculum
1056 2116 1169 2181 euitare
1190 2115 1313 2189 neseio,
1336 2136 1425 2201 qvam
1450 2124 1478 2181 ut

282 2230 380 2293 bonae
391 2246 500 2292 causae
511 2225 609 2290 fidem
620 2245 668 2289 me
681 2225 799 2289 diuinae
811 2224 991 2308 protectioni
1003 2224 1220 2291 commendem.
1244 2224 1366 2291 Interea
1377 2246 1476 2311 spero,

284 2339 316 2403 S.
333 2337 369 2403 V.
385 2336 446 2401 mei
459 2335 622 2418 benignam
637 2333 785 2398 rationem
802 2332 980 2407 babituram,
997 2335 1084 2416 eujus
1100 2338 1160 2399 ete.

854 2602 929 2668 llll.

512 2750 679 2815 bericht
703 2747 912 2813 desselben
936 2769 981 2812 on
1006 2748 1233 2813 denselben.

642 2894 828 2965 Loudiuo,
850 2893 904 2956 20.
922 2892 1002 2958 Oct.
1022 2894 1120 2958 171¹.

367 3088 445 3151 Dum
470 3088 522 3151 16,
543 3087 628 3151 datas
652 3091 684 3149 et
706 3086 762 3149 luas
784 3085 949 3170 duplicatas
972 3086 1010 3151 ad
1026 3088 1059 3153 S.
1077 3088 1113 3151 V.
1136 3085 1281 3171 expedio,
1305 3087 1474 3151 certissime

278 3194 433 3267 informor,
444 3214 550 3277 pacem
561 3194 696 3276 dngliam
709 3194 790 3257 inter
806 3201 838 3259 et
850 3194 953 3259 Gallos
966 3196 1050 3281 quasi
1062 3196 1233 3259 conclusam
1246 3214 1327 3267 esse,
1342 3194 1475 3259 nescitur

278 3301 385 3385 quibus
408 3303 642 3369 conditionibus.
672 3303 754 3367 Dixit
779 3303 846 3369 beri
862 3303 969 3368 llilord
993 3304 1107 3369 Oxford
1127 3304 1191 3369 uiro
1215 3302 1331 3367 cuidam
1353 3323 1473 3387 magno,

278 3428 342 3473 eam
364 3412 453 3474 talem
475 3410 602 3475 loturam
626 3430 713 3495 pam
741 3412 830 3475 ullam
859 3431 946 3495 qvam
970 3433 989 3474 a
1010 3413 1075 3477 200
1100 3412 1186 3476 aunis
1207 3412 1312 3494 Anglia
1335 3410 1472 3475 obtinuit

275 3517 408 3583 Euentus
424 3517 561 3590 docebit,
581 3539 620 3581 au
635 3519 702 3583 talis
718 3518 768 3583 sit.
801 3520 865 3583 lloc
881 3519 1185 3603 incomprehensibile
1209 3520 1279 3583 mibi
1304 3525 1370 3593 cst,
1396 3518 1473 3603 quod

276 3626 374 3690 nullus
390 3631 600 3691 extraneorum
620 3626 822 3691 ministrorum
845 3648 941 3711 neque
957 3628 1169 3693 Hollandorum
1185 3628 1306 3693 intersit
1320 3628 1472 3693 tractatui.
1546 3644 1547 3647 ’

276 3734 433 3817 Expeditio
450 3735 611 3817 dnglorum
627 3755 719 3819 super
734 3734 885 3799 canadam
901 3736 1012 3801 effectu
1028 3757 1082 3801 suo
1105 3738 1217 3811 caruit;
1240 3738 1260 3803 8
1277 3737 1359 3801 enim
1382 3758 1473 3801 naues
1545 3748 1547 3759 ⁴

274 3859 332 3923 per
346 3847 556 3924 tempestatem
572 3841 764 3915 submersae,
781 3844 893 3928 aliquot
908 3844 999 3909 millia
1016 3845 1138 3910 militum
1159 3846 1291 3930 periere.
1322 3846 1472 3909 Austriaei

274 3950 401 4015 tministri
430 3952 464 4017 S.
488 3954 523 4017 V.
555 3954 671 4017 litteras
702 3954 733 4017 iu
758 3954 939 4038 Huugariam
967 3956 1097 4039 scriptas
1122 3956 1308 4038 interceptas
1336 3959 1472 4023 referunt
1545 3966 1547 4015 ἑ

274 4059 382 4143 quibus
411 4078 446 4122 ee
467 4062 599 4143 proximo
622 4082 695 4125 vere
717 4084 783 4127 cum
808 4063 1001 4143 {bominum
1029 4064 1057 4127 in
1073 4064 1264 4147 jlluugariam
1293 4064 1470 4131 intraturum

274 4166 436 4251 promittit;
463 4168 567 4233 dicunt
588 4170 714 4235 Caurum
735 4170 834 4233 eidem
857 4170 899 4233 bd
924 4171 1089 4235 milliarium
1112 4171 1231 4253 longam
1254 4178 1286 4235 cl
1315 4178 1361 4239 tot
1382 4176 1469 4239 latam
1544 4176 1546 4215 l

273 4276 431 4356 regionem
448 4275 478 4339 iu
488 4276 639 4341 Moscovia
651 4279 814 4343 contulisse
820 4301 830 4351 ;
847 4278 975 4361 denique
988 4278 1189 4343 Nodeczlium
1202 4281 1235 4345 S.
1246 4280 1280 4345 ll.
1294 4281 1469 4347 deseruisse

273 4387 305 4445 et
322 4383 471 4449 Wienuac
486 4385 523 4449 ab
539 4386 732 4470 imperatrice
748 4387 861 4471 optimo
877 4392 1033 4471 recepturo
1051 4388 1155 4453 luisse.
