3117 5084
1217 358 1266 429 tr

68 560 151 613 esse,
169 559 275 607 rerum
292 542 412 627 quidem
425 541 482 607 hoc
499 546 556 613 est,
573 542 629 607 sed
640 541 822 627 respondeo,
835 540 925 605 talem
936 535 1140 606 securitatem,
1154 536 1271 618 qualem

64 649 223 733 Hungaris
238 650 421 733 praetendit,
438 670 587 735 nunquam
600 651 703 715 dolam
712 650 933 717 Wiennensem
946 664 1168 716 concessuram,
1181 664 1272 727 posse

67 762 173 823 mmen
184 758 502 841 baberiQuarantiam,
518 778 606 843 quam
622 759 837 843 acceptandam
852 757 948 823 suasit
961 760 1159 841 sequentem:

162 866 260 949 Quod,
274 869 407 952 momnis
423 867 490 933 lieri
506 889 565 935 non
577 874 692 952 posset,
705 874 738 933 ut
750 867 991 951 ReginaNomen
1007 869 1040 929 et
1050 864 1273 929 Formalitatem

67 976 281 1041 Guarantricis
296 982 395 1059 gerat,
412 977 601 1043 nihilominus
617 977 834 1062 quamprimum
846 976 991 1060 Princeps
1003 978 1035 1038 et
1046 974 1149 1040 Status
1161 992 1273 1055 accep·

65 1083 182 1149 tabiles
194 1086 407 1169 proposuerint
415 1085 619 1156 Conditiones,
628 1086 773 1169 Reginam
784 1084 958 1168 seNegotio
969 1079 1150 1154 immiscere,
1162 1083 1271 1147 chem

66 1193 268 1266 concludere,
285 1193 411 1259 eandem
426 1196 621 1278 imposterum
637 1201 853 1268 manutenere,
879 1200 912 1261 ct
927 1194 1025 1261 omnia
1042 1213 1078 1256 ea
1098 1193 1130 1255 in
1145 1190 1273 1262 Etiectu,

69 1322 152 1386 quae
173 1301 361 1384 aQuarante
383 1304 561 1387 exiguuntur,
589 1304 692 1369 lacere
714 1304 802 1370 velle.
838 1304 911 1369 Scio
937 1302 1093 1387 equidem,
1117 1301 1275 1383 ilungaros

67 1410 145 1475 nibil
161 1411 353 1485 remissoros,
369 1411 514 1497 Princeps
530 1432 604 1479 sero
619 1414 702 1479 solus
718 1414 821 1479 insciis
837 1412 972 1479 Statibus
994 1410 1025 1476 id
1040 1411 1144 1475 lacere
1160 1409 1275 1493 nequit,

65 1519 187 1585 idcirco
204 1538 317 1585 sunrme
333 1522 537 1587 necessarium
555 1527 618 1593 est,
640 1527 674 1589 ut
693 1521 843 1607 siquidem
858 1542 914 1607 per
929 1522 1028 1586 Duum
1043 1515 1200 1585 ,iablonski
1216 1538 1276 1581 nou

67 1628 161 1701 licet,
186 1648 246 1711 ego
268 1630 338 1695 illue
362 1649 537 1714 properem,
563 1636 593 1697 et
624 1632 878 1715 quamcitissime
901 1625 1275 1698 Resolutionesadleram‚

70 1739 203 1803 animam
225 1743 324 1803 umen
347 1738 428 1813 fore,
453 1745 487 1805 ut
510 1741 569 1803 alto
591 1740 709 1823 singula
732 1747 906 1825 premantur
922 1739 1051 1805 silentio.
1074 1737 1129 1801 Vix
1144 1735 1277 1799 desierat

68 1847 138 1911 Dux
166 1845 207 1909 de
229 1846 462 1929 Marleborougb
492 1866 558 1913 erun
582 1848 698 1931 Mylord
719 1848 887 1922 Godolitin,
914 1848 1042 1931 Magnus
1067 1845 1166 1928 Regni
1190 1844 1274 1907 Tbe-

67 1956 234 2029 saurarins,
252 1957 283 2021 in
304 1956 380 2021 baec
401 1956 493 2021 verba
516 1958 671 2042 prorupit;
699 1964 732 2023 nt
755 1958 912 2023 Serenitas
933 1958 994 2021 Vra
1021 1958 1192 2019 assecurata
1219 1952 1275 2017 sit:

75 2065 105 2129 l.
131 2064 281 2146 Reginam
302 2084 358 2149 pro
374 2065 547 2131 serenitate
563 2066 623 2129 Vra
643 2086 678 2131 nc
695 2066 867 2149 Hungariae
882 2067 987 2148 Regno
1002 2064 1115 2147 optime
1131 2061 1276 2127 intentio·

71 2178 182 2237 natam.
224 2173 255 2237 2.
282 2173 374 2237 Suam
397 2172 585 2256 Majestatem
607 2175 734 2241 Sincere
759 2174 871 2248 corde,
899 2193 976 2258 quae
1002 2173 1041 2238 ad
1067 2170 1276 2237 stabiliendam

71 2281 278 2347 serenitatem
290 2282 379 2347 Vram
395 2283 458 2347 risa
475 2282 597 2355 fuerint,
615 2289 646 2349 et
661 2283 726 2351 lieri
743 2284 907 2368 potuerint,
919 2284 1038 2348 omnino
1055 2282 1274 2368 praestituram.

70 2390 231 2474 Proposita
251 2390 349 2455 media
377 2390 444 2473 ejus
467 2410 536 2459 esse
557 2391 767 2463 Conditiones,
790 2392 869 2477 qnod
893 2392 1005 2456 Caesar
1026 2394 1182 2475 acceptata
1205 2389 1277 2453 licet

69 2496 151 2565 banc
173 2498 253 2563 enim
270 2518 414 2565 recusare
429 2499 627 2567 erubesceret
648 2500 829 2568 mediatione
844 2502 1017 2565 Tractatum
1038 2499 1076 2564 ad
1093 2500 1276 2564 Generalcm

71 2606 184 2673 Pacem
216 2607 424 2691 pertraheret,
456 2629 492 2673 ac
524 2608 638 2675 Eodem
669 2610 814 2696 obrupto,
850 2632 905 2676 nos
936 2608 1114 2675 debellaret.
1162 2609 1277 2673 Cuncta

70 2714 151 2781 baec
169 2736 207 2779 ex
223 2714 304 2781 Suae
321 2716 437 2799 Regiae
452 2716 619 2799 Maiestatis
635 2720 789 2787 voluntate
810 2718 885 2793 dici,
913 2737 991 2803 quae
1013 2717 1130 2803 quando
1157 2716 1278 2801 quidem

73 2824 299 2908 scriptotenus,
328 2831 361 2889 ut
376 2846 412 2891 eo
429 2827 586 2903 Secretius
604 2828 701 2896 omniu
717 2834 863 2911 agantur,
886 2828 975 2893 modo
1001 2847 1062 2891 non
1084 2825 1278 2910 respondeat,

74 2931 207 2995 Consilio
230 2952 285 2997 suo
307 2933 410 2997 intimo
432 2935 631 3008 commiserit,
657 2941 690 3001 ut
713 2937 779 3001 loeo
803 2936 946 3021 Replicae
969 2955 1024 3001 suo
1052 2934 1172 2999 nominc
1190 2931 1278 2997 nobis

74 3040 208 3123 aperiat,
231 3040 336 3107 dolere
357 3044 447 3108 Suam
469 3044 675 3126 Maiestatem,
702 3045 780 3129 qued
802 3045 841 3110 ob
864 3050 1040 3129 praesentes
1063 3044 1282 3125 Conjunctmas

75 3148 164 3232 plura
181 3156 339 3232 praestare
355 3158 495 3236 nequeat.
524 3152 591 3217 Mox
607 3154 724 3237 Mylord
737 3154 926 3219 Sunderland
938 3152 1133 3237 impetuosius
1148 3150 1281 3222 dicebat,

73 3256 184 3323 ,misto
200 3258 263 3329 tali,
281 3259 375 3343 qualis
389 3260 509 3333 Caesar,
523 3261 560 3325 ab
576 3263 681 3345 Anglis
698 3260 895 3329 Conditiones
912 3261 1082 3347 praescribi
1097 3280 1157 3325 non
1171 3278 1279 3345 posse3

75 3364 109 3429 ln
120 3365 267 3431 Tractatu
279 3366 383 3431 ultimo
396 3368 553 3450 Hungaros
565 3369 634 3433 talia
647 3371 851 3454 proposuisse,
864 3370 1024 3435 Caesarem
1036 3375 1136 3433 autem
1151 3386 1281 3451 respon-

80 3472 175 3546 disse,
193 3474 313 3557 quaesi
329 3475 438 3540 iterum
455 3484 707 3561 proponerentur,
724 3479 899 3543 Tractatum
915 3479 958 3545 20
975 3483 1007 3543 et
1022 3480 1065 3544 dd
1082 3497 1175 3542 annos
1191 3476 1282 3541 dura-

78 3586 200 3653 turum,
222 3582 295 3647 nibil
318 3589 417 3649 tamen
442 3587 615 3651 conclusum
632 3586 678 3651 iri.
703 3587 769 3651 Dux
789 3587 1016 3653 continuaturus
1031 3588 1219 3657 Discursum,
1233 3605 1283 3648 me

77 3688 192 3770 gallice
204 3689 351 3755 allocutus
364 3698 421 3765 est,
435 3694 503 3759 ideo
516 3714 551 3759 se
561 3695 740 3777 Anglieano,
754 3696 872 3780 quodie
884 3696 1064 3768 faciliorsit,
1077 3696 1119 3760 uti
1131 3715 1282 3766 sermone,

82 3797 182 3863 Dnum
196 3796 441 3891 Jablonslrimilri
464 3803 562 3867 omnia
583 3804 755 3869 relaturrun
788 3804 868 3870 [lein
883 3825 957 3870 uero
983 3804 1136 3888 pathetice
1157 3804 1282 3867 demon-

76 3905 201 3979 strarit,
218 3907 407 3991 Religionem
429 3911 557 3993 perinde
578 3912 634 3976 sub
650 3913 749 3977 Turca
775 3932 811 3978 ac
832 3913 889 3978 sub
905 3914 1090 3996 Imperatore
1113 3932 1277 3996 passurum,
1354 3956 1361 3965 ·

78 4020 211 4079 mentem
226 4036 311 4081 suam
326 4037 406 4089 esse,
423 4024 456 4083 ut
470 4019 529 4085 hoc
541 4018 647 4085 foedus
660 4020 698 4085 ab
710 4022 861 4103 Hungaris
877 4023 1017 4086 evitetur.
1047 4022 1106 4085 Par
1122 4028 1212 4106 prout
1226 4040 1283 4104 per

77 4120 239 4189 modernas
252 4122 471 4207 Conjuncturas
487 4127 618 4201 licuerit,
632 4127 829 4193 concludatur
844 4129 1004 4213 etreliqua
1016 4129 1081 4194 Deo
1094 4128 1280 4211 etTempori

79 4231 316 4297 committantur.
332 4233 458 4299 Volebat
469 4236 749 4319 respondereDnus
757 4236 925 4308 iablonski,
933 4238 989 4303 sed
1000 4236 1162 4320 interrupit
1171 4236 1280 4301 Comes

81 4338 117 4403 de
133 4340 343 4414 Sannorum,
367 4345 547 4417 asserendo,
572 4362 761 4429 nequaqnam
783 4366 840 4409 nos
856 4346 1026 4410 existimare
1043 4345 1175 4416 debere,
1193 4344 1282 4428 quod,

81 4448 148 4515 dum
164 4450 236 4515 talia
251 4453 498 4533 pronunciantur,
521 4454 607 4519 nobis
631 4474 690 4519 non
712 4454 849 4526 faveant,
871 4475 905 4519 se
922 4455 1008 4537 plura
1024 4474 1111 4538 quam
1127 4472 1183 4517 nos
1197 4452 1280 4535 ipsos

82 4557 230 4643 Hungaris
256 4580 378 4635 rovere,
403 4584 437 4626 se
461 4563 567 4647 ipsum,
595 4563 623 4627 si
643 4562 782 4629 Caesaris
802 4562 941 4629 Minister
967 4563 1057 4635 foret,
1079 4561 1201 4627 Caesari
1222 4580 1284 4625 non
