<?xml version="1.0" encoding="UTF-8"?>
<!DOCTYPE html PUBLIC "-//W3C//DTD XHTML 1.0 Transitional//EN"
    "http://www.w3.org/TR/xhtml1/DTD/xhtml1-transitional.dtd">
<html xmlns="http://www.w3.org/1999/xhtml" xml:lang="en" lang="en">
 <head>
  <title>
</title>
<meta http-equiv="Content-Type" content="text/html;charset=utf-8" />
  <meta name='ocr-system' content='tesseract 3.04.00' />
  <meta name='ocr-capabilities' content='ocr_page ocr_carea ocr_par ocr_line ocrx_word'/>
</head>
<body>
  <div class='ocr_page' id='page_1' title='image "./fontesrerumaust22kommgoog_0184.png"; bbox 0 0 3117 5084; ppageno 0'>
   <div class='ocr_carea' id='block_1_1' title="bbox 227 535 1133 708">
    <p class='ocr_par' dir='ltr' id='par_1_1' title="bbox 227 535 1133 708">
     <span class='ocr_line' id='line_1_1' title="bbox 653 535 707 598; baseline 0 0"><span class='ocrx_word' id='word_1_1' title='bbox 653 535 707 598; x_wconf 84' lang='grc'>00.</span> 
     </span>
     <span class='ocr_line' id='line_1_2' title="bbox 227 641 1133 708; baseline 0 -2"><span class='ocrx_word' id='word_1_2' title='bbox 227 641 448 708; x_wconf 82' lang='lat' dir='ltr'>Sohrsilsen</span> <span class='ocrx_word' id='word_1_3' title='bbox 473 643 540 708; x_wconf 87' lang='lat' dir='ltr'>des</span> <span class='ocrx_word' id='word_1_4' title='bbox 563 641 667 708; x_wconf 80' lang='lat' dir='ltr'>nobe</span> <span class='ocrx_word' id='word_1_5' title='bbox 690 643 862 706; x_wconf 87' lang='lat' dir='ltr'>Breuner</span> <span class='ocrx_word' id='word_1_6' title='bbox 883 662 927 706; x_wconf 87' lang='lat' dir='ltr'>an</span> <span class='ocrx_word' id='word_1_7' title='bbox 951 643 1133 707; x_wconf 87' lang='lat' dir='ltr'>Klement.</span> 
     </span>
    </p>
   </div>
   <div class='ocr_carea' id='block_1_2' title="bbox 355 767 1001 834">
    <p class='ocr_par' dir='ltr' id='par_1_2' title="bbox 355 767 1001 834">
     <span class='ocr_line' id='line_1_3' title="bbox 355 767 1001 834; baseline -0.003 -2"><span class='ocrx_word' id='word_1_8' title='bbox 355 769 556 834; x_wconf 83' lang='lat' dir='ltr'>Proeeeotot.</span> <span class='ocrx_word' id='word_1_9' title='bbox 574 767 607 833; x_wconf 87' lang='grc'>3.</span> <span class='ocrx_word' id='word_1_10' title='bbox 621 767 713 833; x_wconf 83' lang='lat' dir='ltr'>Fedr.</span> <span class='ocrx_word' id='word_1_11' title='bbox 732 767 829 832; x_wconf 85' lang='grc'><em>1711.</em></span> <span class='ocrx_word' id='word_1_12' title='bbox 847 768 1001 833; x_wconf 80' lang='lat' dir='ltr'>Berolim&#39;.</span> 
     </span>
    </p>
   </div>
   <div class='ocr_carea' id='block_1_3' title="bbox 74 913 1279 1218">
    <p class='ocr_par' dir='ltr' id='par_1_3' title="bbox 74 913 1279 1218">
     <span class='ocr_line' id='line_1_4' title="bbox 236 913 1242 982; baseline 0.004 -4"><span class='ocrx_word' id='word_1_13' title='bbox 236 913 437 979; x_wconf 73' lang='lat' dir='ltr'>Perilloetris</span> <span class='ocrx_word' id='word_1_14' title='bbox 452 936 492 980; x_wconf 88' lang='lat' dir='ltr'>oc</span> <span class='ocrx_word' id='word_1_15' title='bbox 510 915 669 980; x_wconf 84' lang='lat' dir='ltr'>Generoee</span> <span class='ocrx_word' id='word_1_16' title='bbox 684 914 819 979; x_wconf 79' lang='lat' dir='ltr'><strong><em>Domine</em></strong></span> <span class='ocrx_word' id='word_1_17' title='bbox 833 913 916 978; x_wconf 82' lang='lat' dir='ltr'>milri</span> <span class='ocrx_word' id='word_1_18' title='bbox 931 913 1242 982; x_wconf 70' lang='lat' dir='ltr'>observandissime!</span> 
     </span>
     <span class='ocr_line' id='line_1_5' title="bbox 173 1021 1277 1107; baseline 0.007 -23"><span class='ocrx_word' id='word_1_19' title='bbox 173 1021 348 1086; x_wconf 80' lang='lat' dir='ltr'><strong>Postremae</strong></span> <span class='ocrx_word' id='word_1_20' title='bbox 373 1043 458 1087; x_wconf 89' lang='lat' dir='ltr'>meae</span> <span class='ocrx_word' id='word_1_21' title='bbox 480 1024 549 1087; x_wconf 90' lang='lat' dir='ltr'>hinc</span> <span class='ocrx_word' id='word_1_22' title='bbox 573 1028 711 1086; x_wconf 77' lang='lat' dir='ltr'>exaratae</span> <span class='ocrx_word' id='word_1_23' title='bbox 733 1022 765 1086; x_wconf 88' lang='lat' dir='ltr'>P.</span> <span class='ocrx_word' id='word_1_24' title='bbox 783 1021 820 1087; x_wconf 87' lang='lat' dir='ltr'>D.</span> <span class='ocrx_word' id='word_1_25' title='bbox 833 1022 960 1087; x_wconf 76' lang='lat' dir='ltr'>Vestrae</span> <span class='ocrx_word' id='word_1_26' title='bbox 976 1022 1183 1107; x_wconf 84' lang='lat' dir='ltr'>significarunt</span> <span class='ocrx_word' id='word_1_27' title='bbox 1198 1046 1277 1092; x_wconf 89' lang='lat' dir='ltr'>nunc</span> 
     </span>
     <span class='ocr_line' id='line_1_6' title="bbox 74 1128 1279 1218; baseline 0.004 -24"><span class='ocrx_word' id='word_1_28' title='bbox 74 1131 269 1194; x_wconf 81' lang='lat' dir='ltr'>occasionem</span> <span class='ocrx_word' id='word_1_29' title='bbox 286 1128 336 1218; x_wconf 88' lang='lat' dir='ltr'>(ut</span> <span class='ocrx_word' id='word_1_30' title='bbox 351 1131 422 1194; x_wconf 89' lang='lat' dir='ltr'>mihi</span> <span class='ocrx_word' id='word_1_31' title='bbox 440 1130 560 1215; x_wconf 90' lang='lat' dir='ltr'>quidem</span> <span class='ocrx_word' id='word_1_32' title='bbox 576 1129 711 1216; x_wconf 86' lang='lat' dir='ltr'>videtur)</span> <span class='ocrx_word' id='word_1_33' title='bbox 727 1130 884 1213; x_wconf 84' lang='lat' dir='ltr'>allulgere,</span> <span class='ocrx_word' id='word_1_34' title='bbox 908 1152 966 1215; x_wconf 89' lang='lat' dir='ltr'>qua</span> <span class='ocrx_word' id='word_1_35' title='bbox 981 1152 1032 1196; x_wconf 89' lang='lat' dir='ltr'>res</span> <span class='ocrx_word' id='word_1_36' title='bbox 1048 1137 1188 1206; x_wconf 88' lang='lat' dir='ltr'>nostrae,</span> <span class='ocrx_word' id='word_1_37' title='bbox 1212 1140 1279 1201; x_wconf 93' lang='lat' dir='ltr'>utut</span> 
     </span>
    </p>
   </div>
   <div class='ocr_carea' id='block_1_4' title="bbox 72 1239 1278 2308">
    <p class='ocr_par' dir='ltr' id='par_1_4' title="bbox 73 1239 1278 1743">
     <span class='ocr_line' id='line_1_7' title="bbox 73 1239 1278 1326; baseline 0.003 -23"><span class='ocrx_word' id='word_1_38' title='bbox 73 1260 205 1324; x_wconf 83' lang='lat' dir='ltr'>pressae</span> <span class='ocrx_word' id='word_1_39' title='bbox 227 1260 392 1324; x_wconf 86' lang='lat' dir='ltr'>resurgere</span> <span class='ocrx_word' id='word_1_40' title='bbox 414 1241 548 1326; x_wconf 89' lang='lat' dir='ltr'>possint,</span> <span class='ocrx_word' id='word_1_41' title='bbox 575 1245 666 1325; x_wconf 85' lang='lat' dir='ltr'>atque</span> <span class='ocrx_word' id='word_1_42' title='bbox 691 1239 766 1304; x_wconf 91' lang='lat' dir='ltr'>adeo</span> <span class='ocrx_word' id='word_1_43' title='bbox 786 1239 1009 1304; x_wconf 89' lang='lat' dir='ltr'>allaborandum</span> <span class='ocrx_word' id='word_1_44' title='bbox 1032 1261 1101 1306; x_wconf 91' lang='lat' dir='ltr'>esse</span> <span class='ocrx_word' id='word_1_45' title='bbox 1121 1243 1205 1324; x_wconf 83' lang='lat' dir='ltr'>juxta</span> <span class='ocrx_word' id='word_1_46' title='bbox 1227 1244 1278 1308; x_wconf 87' lang='lat' dir='ltr'>illa</span> 
     </span>
     <span class='ocr_line' id='line_1_8' title="bbox 73 1349 1274 1436; baseline 0.004 -22"><span class='ocrx_word' id='word_1_47' title='bbox 73 1351 158 1414; x_wconf 90' lang='lat' dir='ltr'>enim</span> <span class='ocrx_word' id='word_1_48' title='bbox 186 1371 263 1436; x_wconf 89' lang='lat' dir='ltr'>quas</span> <span class='ocrx_word' id='word_1_49' title='bbox 286 1351 405 1416; x_wconf 85' lang='lat' dir='ltr'>litterae</span> <span class='ocrx_word' id='word_1_50' title='bbox 436 1371 521 1415; x_wconf 90' lang='lat' dir='ltr'>meae</span> <span class='ocrx_word' id='word_1_51' title='bbox 545 1350 581 1414; x_wconf 90' lang='lat' dir='ltr'>ad</span> <span class='ocrx_word' id='word_1_52' title='bbox 609 1353 759 1416; x_wconf 74' lang='lat' dir='ltr'>ltesermum</span> <span class='ocrx_word' id='word_1_53' title='bbox 787 1350 944 1413; x_wconf 87' lang='lat' dir='ltr'>Dominum</span> <span class='ocrx_word' id='word_1_54' title='bbox 966 1349 1122 1415; x_wconf 82' lang='lat' dir='ltr'>Jablouslri</span> <span class='ocrx_word' id='word_1_55' title='bbox 1152 1353 1222 1419; x_wconf 89' lang='lat' dir='ltr'>hinc</span> <span class='ocrx_word' id='word_1_56' title='bbox 1243 1356 1274 1419; x_wconf 78' lang='lat' dir='ltr'>t.</span> 
     </span>
     <span class='ocr_line' id='line_1_9' title="bbox 74 1459 1277 1546; baseline 0.004 -24"><span class='ocrx_word' id='word_1_57' title='bbox 74 1459 249 1544; x_wconf 87' lang='lat' dir='ltr'>praeseutia</span> <span class='ocrx_word' id='word_1_58' title='bbox 281 1464 420 1524; x_wconf 80' lang='lat' dir='ltr'>exaratae</span> <span class='ocrx_word' id='word_1_59' title='bbox 452 1459 613 1524; x_wconf 88' lang='lat' dir='ltr'>deducunt.</span> <span class='ocrx_word' id='word_1_60' title='bbox 658 1459 691 1524; x_wconf 93' lang='lat' dir='ltr'>ln</span> <span class='ocrx_word' id='word_1_61' title='bbox 719 1459 827 1543; x_wconf 90' lang='lat' dir='ltr'>ijsdem</span> <span class='ocrx_word' id='word_1_62' title='bbox 859 1459 1012 1544; x_wconf 82' lang='lat' dir='ltr'>negotium</span> <span class='ocrx_word' id='word_1_63' title='bbox 1040 1480 1160 1546; x_wconf 83' lang='lat' dir='ltr'>quoque</span> <span class='ocrx_word' id='word_1_64' title='bbox 1188 1463 1277 1527; x_wconf 86' lang='grc'>2000</span> 
     </span>
     <span class='ocr_line' id='line_1_10' title="bbox 73 1553 1276 1660; baseline 0.004 -28"><span class='ocrx_word' id='word_1_65' title='bbox 73 1569 279 1653; x_wconf 88' lang='lat' dir='ltr'>lrnperialium</span> <span class='ocrx_word' id='word_1_66' title='bbox 294 1569 497 1655; x_wconf 80' lang='lat' dir='ltr'>adurgeham,</span> <span class='ocrx_word' id='word_1_67' title='bbox 522 1553 663 1658; x_wconf 87' lang='lat' dir='ltr'>tauquam</span> <span class='ocrx_word' id='word_1_68' title='bbox 678 1592 786 1656; x_wconf 89' lang='lat' dir='ltr'>panem</span> <span class='ocrx_word' id='word_1_69' title='bbox 802 1591 901 1636; x_wconf 88' lang='lat' dir='ltr'>meum</span> <span class='ocrx_word' id='word_1_70' title='bbox 918 1570 1119 1658; x_wconf 87' lang='lat' dir='ltr'>quotidianum</span> <span class='ocrx_word' id='word_1_71' title='bbox 1136 1573 1201 1637; x_wconf 89' lang='lat' dir='ltr'>sine</span> <span class='ocrx_word' id='word_1_72' title='bbox 1218 1593 1276 1660; x_wconf 89' lang='lat' dir='ltr'>quo</span> 
     </span>
     <span class='ocr_line' id='line_1_11' title="bbox 75 1677 197 1743; baseline -0.008 -2"><span class='ocrx_word' id='word_1_73' title='bbox 75 1677 197 1743; x_wconf 85' lang='lat' dir='ltr'>deficio.</span> 
     </span>
    </p>

    <p class='ocr_par' dir='ltr' id='par_1_5' title="bbox 72 1787 1277 1983">
     <span class='ocr_line' id='line_1_12' title="bbox 168 1787 1277 1876; baseline 0.003 -24"><span class='ocrx_word' id='word_1_74' title='bbox 168 1788 216 1852; x_wconf 90' lang='lat' dir='ltr'>De</span> <span class='ocrx_word' id='word_1_75' title='bbox 239 1790 305 1872; x_wconf 88' lang='lat' dir='ltr'>alijs</span> <span class='ocrx_word' id='word_1_76' title='bbox 328 1809 447 1875; x_wconf 91' lang='lat' dir='ltr'>quoque</span> <span class='ocrx_word' id='word_1_77' title='bbox 470 1789 595 1870; x_wconf 85' lang='lat' dir='ltr'>carubijs</span> <span class='ocrx_word' id='word_1_78' title='bbox 618 1809 743 1873; x_wconf 90' lang='lat' dir='ltr'>quorum</span> <span class='ocrx_word' id='word_1_79' title='bbox 759 1787 795 1852; x_wconf 85' lang='grc' dir='ltr'>Ε.</span> <span class='ocrx_word' id='word_1_80' title='bbox 812 1789 849 1853; x_wconf 87' lang='lat' dir='ltr'>D.</span> <span class='ocrx_word' id='word_1_81' title='bbox 867 1788 901 1853; x_wconf 85' lang='lat' dir='ltr'>C.</span> <span class='ocrx_word' id='word_1_82' title='bbox 918 1789 1084 1876; x_wconf 81' lang='lat' dir='ltr'>Bercsenyi</span> <span class='ocrx_word' id='word_1_83' title='bbox 1104 1791 1224 1855; x_wconf 83' lang='lat' dir='ltr'>litterae</span> <span class='ocrx_word' id='word_1_84' title='bbox 1240 1792 1277 1856; x_wconf 93' lang='lat' dir='ltr'>ad</span> 
     </span>
     <span class='ocr_line' id='line_1_13' title="bbox 72 1894 1093 1983; baseline 0.002 -24"><span class='ocrx_word' id='word_1_85' title='bbox 72 1917 123 1960; x_wconf 87' lang='lat' dir='ltr'>me</span> <span class='ocrx_word' id='word_1_86' title='bbox 141 1896 308 1961; x_wconf 83' lang='lat' dir='ltr'>Jaroslavia</span> <span class='ocrx_word' id='word_1_87' title='bbox 325 1895 411 1960; x_wconf 87' lang='lat' dir='ltr'>datae</span> <span class='ocrx_word' id='word_1_88' title='bbox 428 1896 611 1960; x_wconf 82' lang='lat' dir='ltr'>mentionem</span> <span class='ocrx_word' id='word_1_89' title='bbox 628 1896 739 1960; x_wconf 84' lang='lat' dir='ltr'>iaciunt</span> <span class='ocrx_word' id='word_1_90' title='bbox 755 1894 993 1961; x_wconf 84' lang='lat' dir='ltr'>informationem</span> <span class='ocrx_word' id='word_1_91' title='bbox 1009 1897 1093 1983; x_wconf 91' lang='lat' dir='ltr'>petii.</span> 
     </span>
    </p>

    <p class='ocr_par' dir='ltr' id='par_1_6' title="bbox 74 2004 1278 2198">
     <span class='ocr_line' id='line_1_14' title="bbox 171 2004 1278 2084; baseline 0.003 -16"><span class='ocrx_word' id='word_1_92' title='bbox 171 2005 332 2070; x_wconf 80' lang='lat' dir='ltr'>Paeoniam</span> <span class='ocrx_word' id='word_1_93' title='bbox 345 2005 521 2070; x_wconf 82' lang='lat' dir='ltr'>Kartlroldio</span> <span class='ocrx_word' id='word_1_94' title='bbox 534 2005 661 2070; x_wconf 90' lang='lat' dir='ltr'>nondum</span> <span class='ocrx_word' id='word_1_95' title='bbox 676 2004 885 2069; x_wconf 82' lang='lat' dir='ltr'>exsolvendam</span> <span class='ocrx_word' id='word_1_96' title='bbox 902 2026 982 2077; x_wconf 89' lang='lat' dir='ltr'>esse,</span> <span class='ocrx_word' id='word_1_97' title='bbox 999 2005 1054 2070; x_wconf 89' lang='lat' dir='ltr'>sed</span> <span class='ocrx_word' id='word_1_98' title='bbox 1071 2006 1278 2084; x_wconf 79' lang='lat' dir='ltr'>differendum,</span> 
     </span>
     <span class='ocr_line' id='line_1_15' title="bbox 74 2113 1027 2198; baseline 0.002 -22"><span class='ocrx_word' id='word_1_99' title='bbox 74 2113 176 2179; x_wconf 90' lang='grc'>00000</span> <span class='ocrx_word' id='word_1_100' title='bbox 195 2113 264 2198; x_wconf 92' lang='lat' dir='ltr'>quid</span> <span class='ocrx_word' id='word_1_101' title='bbox 281 2114 374 2198; x_wconf 80' lang='lat' dir='ltr'>Rigas</span> <span class='ocrx_word' id='word_1_102' title='bbox 391 2115 578 2180; x_wconf 80' lang='lat' dir='ltr'>machinetur</span> <span class='ocrx_word' id='word_1_103' title='bbox 594 2114 732 2185; x_wconf 83' lang='lat' dir='ltr'>nesciam,</span> <span class='ocrx_word' id='word_1_104' title='bbox 749 2115 850 2177; x_wconf 90' lang='lat' dir='ltr'>monui</span> <span class='ocrx_word' id='word_1_105' title='bbox 866 2118 898 2177; x_wconf 91' lang='lat' dir='ltr'>et</span> <span class='ocrx_word' id='word_1_106' title='bbox 914 2115 1027 2198; x_wconf 83' lang='lat' dir='ltr'>rogavi.</span> 
     </span>
    </p>

    <p class='ocr_par' dir='ltr' id='par_1_7' title="bbox 170 2220 1148 2308">
     <span class='ocr_line' id='line_1_16' title="bbox 170 2220 1148 2308; baseline 0.003 -22"><span class='ocrx_word' id='word_1_107' title='bbox 170 2220 256 2304; x_wconf 80' lang='lat' dir='ltr'>Quae</span> <span class='ocrx_word' id='word_1_108' title='bbox 272 2223 369 2287; x_wconf 90' lang='lat' dir='ltr'>omnia</span> <span class='ocrx_word' id='word_1_109' title='bbox 385 2223 492 2288; x_wconf 89' lang='lat' dir='ltr'>iterato</span> <span class='ocrx_word' id='word_1_110' title='bbox 509 2221 684 2288; x_wconf 87' lang='lat' dir='ltr'>commendo</span> <span class='ocrx_word' id='word_1_111' title='bbox 701 2241 749 2286; x_wconf 90' lang='lat' dir='ltr'>me</span> <span class='ocrx_word' id='word_1_112' title='bbox 767 2244 792 2286; x_wconf 89' lang='lat' dir='ltr'>v.</span> <span class='ocrx_word' id='word_1_113' title='bbox 811 2221 904 2287; x_wconf 83' lang='lat' dir='ltr'>favori</span> <span class='ocrx_word' id='word_1_114' title='bbox 921 2224 971 2307; x_wconf 92' lang='lat' dir='ltr'>qui</span> <span class='ocrx_word' id='word_1_115' title='bbox 985 2244 1148 2308; x_wconf 89' lang='lat' dir='ltr'>permaneo</span> 
     </span>
    </p>
   </div>
   <div class='ocr_carea' id='block_1_5' title="bbox 70 2343 1187 2690">
    <p class='ocr_par' dir='ltr' id='par_1_8' title="bbox 70 2343 1187 2690">
     <span class='ocr_line' id='line_1_17' title="bbox 390 2343 1000 2433; baseline -0.003 -19"><span class='ocrx_word' id='word_1_116' title='bbox 390 2349 532 2433; x_wconf 84' lang='lat' dir='ltr'>Ejusdem</span> <span class='ocrx_word' id='word_1_117' title='bbox 548 2349 581 2414; x_wconf 88' lang='lat' dir='ltr'>P.</span> <span class='ocrx_word' id='word_1_118' title='bbox 598 2369 634 2414; x_wconf 85' lang='lat' dir='ltr'>ec</span> <span class='ocrx_word' id='word_1_119' title='bbox 651 2349 728 2414; x_wconf 88' lang='lat' dir='ltr'>Gen.</span> <span class='ocrx_word' id='word_1_120' title='bbox 745 2343 853 2414; x_wconf 68' lang='grc' dir='ltr'>00οὼ</span> <span class='ocrx_word' id='word_1_121' title='bbox 872 2349 1000 2418; x_wconf 82' lang='lat' dir='ltr'>Vestrae</span> 
     </span>
     <span class='ocr_line' id='line_1_18' title="bbox 70 2474 1187 2559; baseline 0.004 -19"><span class='ocrx_word' id='word_1_122' title='bbox 70 2476 97 2540; x_wconf 74' lang='lat' dir='ltr'>A</span> <span class='ocrx_word' id='word_1_123' title='bbox 120 2481 244 2559; x_wconf 81' lang='lat' dir='ltr'>tergo</span> <span class='ocrx_word' id='word_1_124' title='bbox 835 2474 949 2542; x_wconf 76' lang='lat' dir='ltr'>sersus</span> <span class='ocrx_word' id='word_1_125' title='bbox 966 2475 1187 2544; x_wconf 83' lang='lat' dir='ltr'>addictissimus</span> 
     </span>
     <span class='ocr_line' id='line_1_19' title="bbox 181 2601 1123 2690; baseline 0.002 -24"><span class='ocrx_word' id='word_1_126' title='bbox 181 2601 336 2666; x_wconf 88' lang='lat' dir='ltr'>ldousieur</span> <span class='ocrx_word' id='word_1_127' title='bbox 880 2601 917 2668; x_wconf 87' lang='lat' dir='ltr'>D.</span> <span class='ocrx_word' id='word_1_128' title='bbox 933 2603 969 2668; x_wconf 91' lang='lat' dir='ltr'>ll.</span> <span class='ocrx_word' id='word_1_129' title='bbox 985 2604 1020 2669; x_wconf 89' lang='lat' dir='ltr'>B.</span> <span class='ocrx_word' id='word_1_130' title='bbox 1036 2623 1076 2668; x_wconf 88' lang='lat' dir='ltr'>m.</span> <span class='ocrx_word' id='word_1_131' title='bbox 1092 2624 1123 2690; x_wconf 92' lang='lat' dir='ltr'>p.</span> 
     </span>
    </p>
   </div>
   <div class='ocr_carea' id='block_1_6' title="bbox 228 2727 646 2793">
    <p class='ocr_par' dir='ltr' id='par_1_9' title="bbox 228 2727 646 2793">
     <span class='ocr_line' id='line_1_20' title="bbox 228 2727 646 2793; baseline 0.002 -2"><span class='ocrx_word' id='word_1_132' title='bbox 228 2727 381 2793; x_wconf 80' lang='lat' dir='ltr'>llonsieur</span> <span class='ocrx_word' id='word_1_133' title='bbox 404 2727 448 2792; x_wconf 91' lang='lat' dir='ltr'>de</span> <span class='ocrx_word' id='word_1_134' title='bbox 471 2727 646 2792; x_wconf 77' lang='lat' dir='ltr'>clement</span> 
     </span>
    </p>
   </div>
   <div class='ocr_carea' id='block_1_7' title="bbox 105 2852 594 3016">
    <p class='ocr_par' dir='ltr' id='par_1_10' title="bbox 105 2852 594 3016">
     <span class='ocr_line' id='line_1_21' title="bbox 447 2852 594 2919; baseline -0.02 0"><span class='ocrx_word' id='word_1_135' title='bbox 447 2854 464 2919; x_wconf 81' lang='grc'>0</span> <span class='ocrx_word' id='word_1_136' title='bbox 481 2852 594 2918; x_wconf 86' lang='lat' dir='ltr'>Berlin.</span> 
     </span>
     <span class='ocr_line' id='line_1_22' title="bbox 105 2939 273 3016; baseline -0.012 0"><span class='ocrx_word' id='word_1_137' title='bbox 105 2939 273 3016; x_wconf 67' lang='lat' dir='ltr'>(mono.)</span> 
     </span>
    </p>
   </div>
   <div class='ocr_carea' id='block_1_8' title="bbox 220 3053 1130 3387">
    <p class='ocr_par' dir='ltr' id='par_1_11' title="bbox 220 3053 1130 3387">
     <span class='ocr_line' id='line_1_23' title="bbox 641 3053 694 3118; baseline 0.038 -2"><span class='ocrx_word' id='word_1_138' title='bbox 641 3053 694 3118; x_wconf 78' lang='lat' dir='ltr'>ot.</span> 
     </span>
     <span class='ocr_line' id='line_1_24' title="bbox 220 3175 1130 3248; baseline 0.005 -6"><span class='ocrx_word' id='word_1_139' title='bbox 220 3177 438 3245; x_wconf 88' lang='lat' dir='ltr'>Schneiben</span> <span class='ocrx_word' id='word_1_140' title='bbox 462 3175 528 3242; x_wconf 90' lang='lat' dir='ltr'>des</span> <span class='ocrx_word' id='word_1_141' title='bbox 551 3177 656 3244; x_wconf 77' lang='lat' dir='ltr'>Athe</span> <span class='ocrx_word' id='word_1_142' title='bbox 680 3179 857 3245; x_wconf 88' lang='lat' dir='ltr'>Brenner</span> <span class='ocrx_word' id='word_1_143' title='bbox 880 3201 923 3244; x_wconf 89' lang='lat' dir='ltr'>an</span> <span class='ocrx_word' id='word_1_144' title='bbox 946 3182 1130 3248; x_wconf 88' lang='lat' dir='ltr'>Klement.</span> 
     </span>
     <span class='ocr_line' id='line_1_25' title="bbox 407 3305 936 3387; baseline 0.008 -17"><span class='ocrx_word' id='word_1_145' title='bbox 407 3305 597 3387; x_wconf 83' lang='lat' dir='ltr'>Regiomonti</span> <span class='ocrx_word' id='word_1_146' title='bbox 613 3305 661 3370; x_wconf 91' lang='lat' dir='ltr'>die</span> <span class='ocrx_word' id='word_1_147' title='bbox 679 3305 710 3370; x_wconf 90' lang='lat'>8.</span> <span class='ocrx_word' id='word_1_148' title='bbox 727 3306 819 3373; x_wconf 77' lang='lat' dir='ltr'>Febr.</span> <span class='ocrx_word' id='word_1_149' title='bbox 838 3308 936 3373; x_wconf 78' lang='grc'><em>1711.</em></span> 
     </span>
    </p>
   </div>
   <div class='ocr_carea' id='block_1_9' title="bbox 446 3433 910 3502">
    <p class='ocr_par' dir='ltr' id='par_1_12' title="bbox 446 3433 910 3502">
     <span class='ocr_line' id='line_1_26' title="bbox 446 3433 910 3502; baseline 0.002 -5"><span class='ocrx_word' id='word_1_150' title='bbox 446 3433 613 3498; x_wconf 76' lang='lat' dir='ltr'>Praeterit.</span> <span class='ocrx_word' id='word_1_151' title='bbox 630 3434 684 3500; x_wconf 89' lang='lat'>18.</span> <span class='ocrx_word' id='word_1_152' title='bbox 701 3434 794 3501; x_wconf 78' lang='lat' dir='ltr'>Febr.</span> <span class='ocrx_word' id='word_1_153' title='bbox 811 3433 910 3502; x_wconf 89' lang='lat'><em>1711.</em></span> 
     </span>
    </p>
   </div>
   <div class='ocr_carea' id='block_1_10' title="bbox 71 3577 1277 4640">
    <p class='ocr_par' dir='ltr' id='par_1_13' title="bbox 234 3577 1243 3650">
     <span class='ocr_line' id='line_1_27' title="bbox 234 3577 1243 3650; baseline 0.009 -9"><span class='ocrx_word' id='word_1_154' title='bbox 234 3577 435 3644; x_wconf 79' lang='lat' dir='ltr'>Perilloetris</span> <span class='ocrx_word' id='word_1_155' title='bbox 449 3597 489 3644; x_wconf 86' lang='lat' dir='ltr'>oc</span> <span class='ocrx_word' id='word_1_156' title='bbox 506 3577 666 3644; x_wconf 74' lang='lat' dir='ltr'>Generosa</span> <span class='ocrx_word' id='word_1_157' title='bbox 680 3579 815 3644; x_wconf 77' lang='lat' dir='ltr'>Domine</span> <span class='ocrx_word' id='word_1_158' title='bbox 827 3580 910 3646; x_wconf 67' lang='lat' dir='ltr'>mett</span> <span class='ocrx_word' id='word_1_159' title='bbox 925 3581 1243 3650; x_wconf 72' lang='lat' dir='ltr'>observandissime!</span> 
     </span>
    </p>

    <p class='ocr_par' dir='ltr' id='par_1_14' title="bbox 71 3685 1277 4640">
     <span class='ocr_line' id='line_1_28' title="bbox 164 3685 1276 3777; baseline 0.006 -26"><span class='ocrx_word' id='word_1_160' title='bbox 164 3685 212 3751; x_wconf 76' lang='lat' dir='ltr'>dd</span> <span class='ocrx_word' id='word_1_161' title='bbox 234 3685 350 3750; x_wconf 84' lang='lat' dir='ltr'>litteras</span> <span class='ocrx_word' id='word_1_162' title='bbox 372 3705 445 3770; x_wconf 83' lang='lat' dir='ltr'>quas</span> <span class='ocrx_word' id='word_1_163' title='bbox 460 3686 494 3750; x_wconf 88' lang='lat' dir='ltr'>P.</span> <span class='ocrx_word' id='word_1_164' title='bbox 511 3705 547 3750; x_wconf 86' lang='lat' dir='ltr'>se</span> <span class='ocrx_word' id='word_1_165' title='bbox 564 3685 601 3752; x_wconf 87' lang='lat' dir='ltr'>G.</span> <span class='ocrx_word' id='word_1_166' title='bbox 617 3687 654 3752; x_wconf 88' lang='lat' dir='ltr'>D.</span> <span class='ocrx_word' id='word_1_167' title='bbox 672 3687 708 3753; x_wconf 87' lang='lat' dir='ltr'>V.</span> <span class='ocrx_word' id='word_1_168' title='bbox 726 3687 845 3752; x_wconf 74' lang='grc'>01027.</span> <span class='ocrx_word' id='word_1_169' title='bbox 863 3688 998 3755; x_wconf 75' lang='lat' dir='ltr'>ianuarii</span> <span class='ocrx_word' id='word_1_170' title='bbox 1013 3710 1137 3755; x_wconf 84' lang='lat' dir='ltr'>exarare</span> <span class='ocrx_word' id='word_1_171' title='bbox 1153 3693 1276 3777; x_wconf 81' lang='lat' dir='ltr'>placuit,</span> 
     </span>
     <span class='ocr_line' id='line_1_29' title="bbox 71 3793 1275 3877; baseline 0.008 -19"><span class='ocrx_word' id='word_1_172' title='bbox 71 3795 161 3858; x_wconf 86' lang='lat' dir='ltr'>hisce</span> <span class='ocrx_word' id='word_1_173' title='bbox 178 3793 333 3858; x_wconf 88' lang='lat' dir='ltr'>succincte</span> <span class='ocrx_word' id='word_1_174' title='bbox 349 3793 538 3877; x_wconf 88' lang='lat' dir='ltr'>respondeo:</span> <span class='ocrx_word' id='word_1_175' title='bbox 563 3814 610 3858; x_wconf 90' lang='lat' dir='ltr'>me</span> <span class='ocrx_word' id='word_1_176' title='bbox 624 3795 662 3858; x_wconf 84' lang='grc'>00</span> <span class='ocrx_word' id='word_1_177' title='bbox 673 3797 840 3860; x_wconf 80' lang='lat' dir='ltr'>rfurcarum</span> <span class='ocrx_word' id='word_1_178' title='bbox 855 3796 981 3863; x_wconf 87' lang='lat' dir='ltr'>foedere</span> <span class='ocrx_word' id='word_1_179' title='bbox 997 3802 1138 3866; x_wconf 83' lang='lat' dir='ltr'>extremis</span> <span class='ocrx_word' id='word_1_180' title='bbox 1155 3803 1275 3869; x_wconf 79' lang='lat' dir='ltr'>casibus</span> 
     </span>
     <span class='ocr_line' id='line_1_30' title="bbox 75 3901 1275 3990; baseline 0.007 -24"><span class='ocrx_word' id='word_1_181' title='bbox 75 3901 264 3968; x_wconf 86' lang='lat' dir='ltr'>admittendo</span> <span class='ocrx_word' id='word_1_182' title='bbox 277 3901 457 3968; x_wconf 88' lang='lat' dir='ltr'>scribentem</span> <span class='ocrx_word' id='word_1_183' title='bbox 471 3903 592 3985; x_wconf 86' lang='lat' dir='ltr'>genium</span> <span class='ocrx_word' id='word_1_184' title='bbox 604 3903 695 3970; x_wconf 88' lang='lat' dir='ltr'>totius</span> <span class='ocrx_word' id='word_1_185' title='bbox 705 3904 822 3977; x_wconf 87' lang='lat' dir='ltr'>Gentis,</span> <span class='ocrx_word' id='word_1_186' title='bbox 834 3908 1014 3990; x_wconf 87' lang='lat' dir='ltr'>praesertim</span> <span class='ocrx_word' id='word_1_187' title='bbox 1024 3927 1098 3973; x_wconf 82' lang='lat' dir='ltr'>sero</span> <span class='ocrx_word' id='word_1_188' title='bbox 1110 3912 1275 3977; x_wconf 78' lang='lat' dir='ltr'>concivium</span> 
     </span>
     <span class='ocr_line' id='line_1_31' title="bbox 73 4010 1277 4094; baseline 0.007 -19"><span class='ocrx_word' id='word_1_189' title='bbox 73 4010 322 4082; x_wconf 86' lang='lat' dir='ltr'>Protestantium,</span> <span class='ocrx_word' id='word_1_190' title='bbox 335 4017 471 4076; x_wconf 91' lang='lat' dir='ltr'>secutum</span> <span class='ocrx_word' id='word_1_191' title='bbox 487 4011 591 4082; x_wconf 87' lang='lat' dir='ltr'>fuisse,</span> <span class='ocrx_word' id='word_1_192' title='bbox 608 4030 685 4094; x_wconf 88' lang='lat' dir='ltr'>quae</span> <span class='ocrx_word' id='word_1_193' title='bbox 701 4013 908 4079; x_wconf 80' lang='lat' dir='ltr'>dllhristianis</span> <span class='ocrx_word' id='word_1_194' title='bbox 924 4035 959 4080; x_wconf 89' lang='lat' dir='ltr'>se</span> <span class='ocrx_word' id='word_1_195' title='bbox 975 4017 1150 4083; x_wconf 90' lang='lat' dir='ltr'>derelictam</span> <span class='ocrx_word' id='word_1_196' title='bbox 1166 4019 1277 4084; x_wconf 83' lang='lat' dir='ltr'>adrer-</span> 
     </span>
     <span class='ocr_line' id='line_1_32' title="bbox 73 4119 1276 4204; baseline 0.006 -19"><span class='ocrx_word' id='word_1_197' title='bbox 73 4127 145 4185; x_wconf 90' lang='lat' dir='ltr'>tens</span> <span class='ocrx_word' id='word_1_198' title='bbox 164 4139 225 4183; x_wconf 91' lang='lat' dir='ltr'>non</span> <span class='ocrx_word' id='word_1_199' title='bbox 241 4119 400 4192; x_wconf 81' lang='lat' dir='ltr'>existimat,</span> <span class='ocrx_word' id='word_1_200' title='bbox 417 4121 474 4184; x_wconf 91' lang='lat' dir='ltr'>alio</span> <span class='ocrx_word' id='word_1_201' title='bbox 496 4141 530 4184; x_wconf 91' lang='lat' dir='ltr'>se</span> <span class='ocrx_word' id='word_1_202' title='bbox 554 4137 639 4204; x_wconf 87' lang='lat' dir='ltr'>quam</span> <span class='ocrx_word' id='word_1_203' title='bbox 664 4139 707 4184; x_wconf 82' lang='lat' dir='ltr'>ex</span> <span class='ocrx_word' id='word_1_204' title='bbox 731 4123 886 4188; x_wconf 90' lang='lat' dir='ltr'>oriente</span> <span class='ocrx_word' id='word_1_205' title='bbox 902 4128 1026 4190; x_wconf 84' lang='lat' dir='ltr'>venturo</span> <span class='ocrx_word' id='word_1_206' title='bbox 1043 4127 1150 4190; x_wconf 82' lang='lat' dir='ltr'>auxilio</span> <span class='ocrx_word' id='word_1_207' title='bbox 1172 4146 1276 4192; x_wconf 89' lang='lat' dir='ltr'>resur·</span> 
     </span>
     <span class='ocr_line' id='line_1_33' title="bbox 75 4228 1277 4318; baseline 0.007 -27"><span class='ocrx_word' id='word_1_208' title='bbox 75 4249 153 4312; x_wconf 81' lang='lat' dir='ltr'>gere</span> <span class='ocrx_word' id='word_1_209' title='bbox 162 4248 265 4312; x_wconf 88' lang='lat' dir='ltr'>posse.</span> <span class='ocrx_word' id='word_1_210' title='bbox 279 4228 355 4292; x_wconf 87' lang='lat' dir='ltr'>Dum</span> <span class='ocrx_word' id='word_1_211' title='bbox 363 4249 446 4294; x_wconf 81' lang='lat' dir='ltr'>sero.</span> <span class='ocrx_word' id='word_1_212' title='bbox 458 4228 722 4313; x_wconf 59' lang='lat' dir='ltr'>Ser-”Princeps</span> <span class='ocrx_word' id='word_1_213' title='bbox 732 4230 807 4295; x_wconf 88' lang='lat' dir='ltr'>adeo</span> <span class='ocrx_word' id='word_1_214' title='bbox 816 4253 938 4318; x_wconf 88' lang='lat' dir='ltr'>semper</span> <span class='ocrx_word' id='word_1_215' title='bbox 949 4235 1162 4318; x_wconf 85' lang='lat' dir='ltr'>promissorum</span> <span class='ocrx_word' id='word_1_216' title='bbox 1178 4241 1277 4309; x_wconf 87' lang='lat' dir='ltr'>tenax,</span> 
     </span>
     <span class='ocr_line' id='line_1_34' title="bbox 73 4336 1276 4422; baseline 0.007 -20"><span class='ocrx_word' id='word_1_217' title='bbox 73 4358 109 4402; x_wconf 90' lang='lat' dir='ltr'>se</span> <span class='ocrx_word' id='word_1_218' title='bbox 126 4355 219 4400; x_wconf 88' lang='lat' dir='ltr'>secus</span> <span class='ocrx_word' id='word_1_219' title='bbox 236 4336 384 4401; x_wconf 81' lang='lat' dir='ltr'>facturum</span> <span class='ocrx_word' id='word_1_220' title='bbox 399 4336 606 4422; x_wconf 86' lang='lat' dir='ltr'>spoponderit,</span> <span class='ocrx_word' id='word_1_221' title='bbox 633 4338 716 4402; x_wconf 86' lang='lat' dir='ltr'>velut</span> <span class='ocrx_word' id='word_1_222' title='bbox 736 4357 771 4402; x_wconf 85' lang='lat' dir='ltr'>ex</span> <span class='ocrx_word' id='word_1_223' title='bbox 788 4341 897 4406; x_wconf 90' lang='lat' dir='ltr'>litteris</span> <span class='ocrx_word' id='word_1_224' title='bbox 912 4343 945 4406; x_wconf 95' lang='lat' dir='ltr'>P.</span> <span class='ocrx_word' id='word_1_225' title='bbox 962 4363 998 4408; x_wconf 90' lang='lat' dir='ltr'>ac</span> <span class='ocrx_word' id='word_1_226' title='bbox 1014 4343 1051 4408; x_wconf 85' lang='lat' dir='ltr'>G.</span> <span class='ocrx_word' id='word_1_227' title='bbox 1068 4344 1104 4407; x_wconf 84' lang='lat' dir='ltr'>o.</span> <span class='ocrx_word' id='word_1_228' title='bbox 1118 4343 1154 4410; x_wconf 89' lang='lat' dir='ltr'>V.</span> <span class='ocrx_word' id='word_1_229' title='bbox 1170 4344 1276 4410; x_wconf 86' lang='lat' dir='ltr'>obstu-</span> 
     </span>
     <span class='ocr_line' id='line_1_35' title="bbox 73 4445 1277 4535; baseline 0.007 -27"><span class='ocrx_word' id='word_1_230' title='bbox 73 4463 208 4530; x_wconf 88' lang='lat' dir='ltr'>pescens</span> <span class='ocrx_word' id='word_1_231' title='bbox 225 4445 373 4527; x_wconf 80' lang='lat' dir='ltr'>intelligo,</span> <span class='ocrx_word' id='word_1_232' title='bbox 391 4445 489 4510; x_wconf 91' lang='lat' dir='ltr'>nullus</span> <span class='ocrx_word' id='word_1_233' title='bbox 506 4445 609 4511; x_wconf 85' lang='lat' dir='ltr'>dubito</span> <span class='ocrx_word' id='word_1_234' title='bbox 626 4445 752 4510; x_wconf 89' lang='lat' dir='ltr'>eundem</span> <span class='ocrx_word' id='word_1_235' title='bbox 769 4448 800 4512; x_wconf 93' lang='lat' dir='ltr'>id</span> <span class='ocrx_word' id='word_1_236' title='bbox 816 4449 912 4534; x_wconf 90' lang='lat' dir='ltr'>ipsum</span> <span class='ocrx_word' id='word_1_237' title='bbox 929 4450 1157 4535; x_wconf 79' lang='lat' dir='ltr'>religiosissime</span> <span class='ocrx_word' id='word_1_238' title='bbox 1169 4452 1277 4517; x_wconf 88' lang='lat' dir='ltr'>obser-</span> 
     </span>
     <span class='ocr_line' id='line_1_36' title="bbox 73 4553 1276 4640; baseline 0.007 -22"><span class='ocrx_word' id='word_1_239' title='bbox 73 4560 213 4619; x_wconf 78' lang='lat' dir='ltr'>vaturum</span> <span class='ocrx_word' id='word_1_240' title='bbox 239 4573 310 4618; x_wconf 87' lang='lat' dir='ltr'>esse</span> <span class='ocrx_word' id='word_1_241' title='bbox 333 4553 490 4620; x_wconf 89' lang='lat' dir='ltr'>dummodo</span> <span class='ocrx_word' id='word_1_242' title='bbox 506 4555 537 4619; x_wconf 93' lang='lat' dir='ltr'>in</span> <span class='ocrx_word' id='word_1_243' title='bbox 553 4560 690 4640; x_wconf 90' lang='lat' dir='ltr'>tempore</span> <span class='ocrx_word' id='word_1_244' title='bbox 706 4557 853 4631; x_wconf 87' lang='lat' dir='ltr'>audiatur,</span> <span class='ocrx_word' id='word_1_245' title='bbox 871 4579 930 4624; x_wconf 92' lang='lat' dir='ltr'>non</span> <span class='ocrx_word' id='word_1_246' title='bbox 946 4560 1026 4624; x_wconf 90' lang='lat' dir='ltr'>enim</span> <span class='ocrx_word' id='word_1_247' title='bbox 1042 4559 1174 4628; x_wconf 83' lang='lat' dir='ltr'>orlitmr</span> <span class='ocrx_word' id='word_1_248' title='bbox 1192 4581 1276 4629; x_wconf 82' lang='lat' dir='ltr'>suam</span> 
     </span>
    </p>
   </div>
   <div class='ocr_carea' id='block_1_11' title="bbox 0 0 1564 5084">
    <p class='ocr_par' dir='ltr' id='par_1_15' title="bbox 0 0 1564 5084">
     <span class='ocr_line' id='line_1_37' title="bbox 0 0 1564 5084; baseline 0 1"><span class='ocrx_word' id='word_1_249' title='bbox 0 0 1564 5084; x_wconf 95' lang='lat' dir='ltr'> </span> 
     </span>
    </p>
   </div>
  </div>
 </body>
</html>
