3117 5084
302 348 376 423 lue

296 530 439 594 munitum
451 528 624 590 censuimus
632 526 670 588 ud
684 524 967 609 Plenipotentiarios
974 525 1142 589 Caesareos
1152 521 1274 587 Paruum
1285 515 1490 583 etboebenm

296 637 511 719 ablegandum,
532 641 564 700 ut
580 632 765 718 synceritate
776 634 889 700 *Nostra
906 638 1083 705 contentato,
1100 638 1163 697 tum
1178 630 1331 715 prunum
1348 624 1493 689 Declara-

294 748 386 810 tionis
409 747 578 809 intricatum
602 750 791 816 contextum,
807 749 841 808 et
857 746 995 811 iacobum
1006 744 1116 827 agendi
1126 741 1250 805 'modum
1267 742 1373 822 aperte
1389 738 1489 799 oeteo-

295 856 399 926 deret‚
423 860 485 918 tum
508 859 539 918 et
562 855 671 917 nullam
686 854 781 917 Nobis
804 855 870 917 sine
886 854 1040 917 consensu
1056 850 1340 917 confoederatorum
1356 846 1490 911 suurn

294 966 334 1027 de
349 965 469 1027 Summa
488 982 585 1027 renum
602 963 712 1046 agendi
726 964 1104 1047 superesuefacnltatem,
1127 962 1263 1043 adeoque
1288 951 1490 1041 peremptorio

276 1126 279 1133 .
293 1074 415 1157 praefixi
427 1074 555 1156 primum
562 1074 717 1143 Triducni,
729 1080 838 1155 enpust
850 1072 1007 1138 duodecim
1018 1073 1135 1135 (limum
1148 1068 1279 1138 termini,
1292 1062 1490 1129 necessarium

294 1183 500 1245 extensionem
523 1180 690 1244 efficaciter
706 1180 887 1261 adurgeret,
909 1181 964 1243 sed
981 1202 1056 1245 ecee
1071 1180 1140 1244 dum
1157 1178 1313 1243 Praesumo
1328 1172 1493 1253 ablegatio

294 1296 407 1361 noster,
424 1291 483 1352 iter
498 1310 584 1353 suum
600 1290 754 1354 continuat
770 1290 930 1353 Generalis
947 1290 1056 1373 Karoly
1078 1287 1249 1353 convocatis
1265 1282 1321 1349 sub
1336 1284 1492 1367 praetextu

292 1400 420 1463 bustrae
449 1398 638 1485 undiquaque
661 1398 867 1480 Exercitibus,
890 1398 1032 1483 etPnllio
1054 1420 1109 1483 per
1131 1402 1278 1483 captatam
1303 1390 1491 1456 occasionem

293 1510 406 1572 animos
422 1509 546 1571 militum
562 1529 616 1591 spe
632 1510 716 1592 pacis
732 1515 763 1572 et
779 1510 945 1573 futurorum
962 1514 1043 1572 noctu
1060 1512 1282 1589 corrumpente,
1299 1503 1393 1570 bauo,
1415 1518 1491 1581 quae

292 1616 349 1680 sub
375 1618 506 1679 Numero
536 1614 677 1679 Secundo
705 1636 818 1679 annexa
846 1622 894 1680 est
922 1616 1071 1687 obtrudit,
1099 1636 1155 1699 per
1181 1630 1341 1698 expressos
1368 1606 1492 1671 militiae

293 1727 409 1807 legatos
425 1722 559 1787 Finulem
577 1718 727 1788 Caesareo
739 1725 863 1805 Regiam
879 1725 1114 1796 Resolutionem,
1132 1743 1207 1807 quae
1224 1722 1295 1784 licet
1312 1724 1372 1783 tum
1388 1736 1425 1779 ex
1442 1733 1490 1783 eo,

293 1835 372 1918 quod
393 1855 451 1897 non
474 1835 510 1898 ad
533 1833 719 1898 tractandum
742 1835 797 1898 sed
819 1835 996 1920 praeprimis
1020 1834 1057 1897 ad
1073 1830 1283 1917 deponendum
1299 1829 1384 1910 juxta
1400 1828 1491 1909 igno-

291 1945 445 2007 miniosam
461 1945 630 2009 liniamenti
647 1943 803 2007 formulam
819 1944 989 2027 homagium
1005 1945 1119 2009 invitati
1143 1944 1302 2011 fuerimus,
1327 1944 1389 2003 tum
1412 1936 1491 2021 quod

292 2074 348 2136 per
371 2054 525 2117 viduarum
546 2060 580 2117 et
594 2052 775 2137 Pupillorum
798 2075 817 2116 e
840 2054 926 2117 bonis
949 2052 1109 2117 Parentum
1130 2038 1280 2133 sanguiue
1301 2068 1356 2113 suo
1373 2046 1491 2108 Patriae

292 2161 438 2223 litantium
460 2162 641 2241 ejectionem
664 2164 787 2227 lleatum
809 2161 986 2242 rebellionis¹
1010 2182 1178 2243 agnoscere
1212 2155 1394 2243 oportuerit,
1430 2160 1491 2215 tum

292 2290 364 2331 vero
381 2270 512 2353 deniquo
535 2272 614 2353 quod
637 2272 871 2353 peremptorium
888 2271 1047 2334 terminum
1070 2272 1115 2333 vix
1138 2270 1255 2338 itineri,
1279 2272 1361 2329 terito
1384 2263 1492 2327 oricus.

291 2379 536 2441 communicando
550 2385 582 2442 et
592 2379 804 2453 concludendo
811 2398 880 2442 cum
893 2380 1116 2445 confoederatis
1124 2377 1280 2442 'Tractntoi
1291 2372 1492 2439 sufficientem

291 2488 449 2559 adurserit,
467 2488 635 2553 nullatenus
653 2509 710 2572 per
725 2507 780 2553 nos
796 2490 949 2572 accepturi
965 2490 1106 2573 poluerit,
1125 2488 1313 2553 nibilominus
1327 2505 1384 2569 spe
1401 2481 1494 2545 futuri

291 2595 508 2661 favorabilioris
534 2599 695 2661 Tractatum
724 2599 843 2671 lactati,
874 2618 1030 2682 synceram
1058 2600 1087 2661 iu
1116 2598 1351 2663 concludendam
1380 2596 1490 2659 Pacem

292 2706 522 2789 propensionem
538 2706 637 2770 denuo
653 2708 771 2779 testati,
796 2710 902 2773 iterum
924 2710 1093 2792 iterumque
1107 2707 1314 2771 extensionem
1329 2704 1490 2785 Armistitu'j

292 2823 324 2879 et
336 2816 459 2878 termini
468 2815 714 2896 efflagitavimus:
729 2814 838 2880 Verum
850 2818 1015 2887 enimvero
1028 2816 1176 2900 ablegato
1187 2816 1286 2899 lldday
1296 2813 1489 2879 instructioni

291 2926 372 2988 Suae
391 2925 509 2987 intereo
531 2924 725 2989 incumbente
747 2945 783 2989 ac
806 2925 1066 2989 considerationes
1082 2946 1152 2991 suus
1168 2925 1224 2989 sub
1241 2926 1294 2989 Nr.
1309 2926 1329 2987 3
1347 2924 1491 3006 Plcnipn-

287 3034 430 3096 tentiorio
448 3033 598 3096 Caesareo
620 3033 657 3095 ad
680 3032 879 3097 facililendam
904 3034 989 3099 Poois
1014 3034 1248 3117 negotiationem
1272 3034 1380 3116 uigore
1402 3032 1491 3095 datae

290 3140 348 3203 sibi
364 3140 513 3204 facultatis
528 3146 727 3224 proponente,
743 3143 891 3225 simulque
901 3142 943 3206 »od
961 3163 1012 3206 cos
1036 3144 1250 3210 resolutionem
1266 3139 1491 3224 responsorium

291 3249 398 3336 (prout
413 3248 450 3312 ad
465 3252 631 3331 marginem
648 3252 802 3315 literarum
818 3252 923 3316 videre
939 3250 1004 3337 cst)
1022 3251 1200 3337 recipiente,
1211 3250 1321 3315 Pullius
1336 3248 1492 3333 praecipi·

291 3359 383 3423 unca
403 3360 548 3442 temporis
570 3360 713 3423 utendum
728 3366 826 3433 rabis,
839 3361 960 3425 'Partim
976 3362 1121 3445 generice
1136 3362 1266 3424 omnium
1281 3360 1378 3442 Regni
1394 3359 1492 3421 liber-

291 3472 383 3531 tatum
399 3468 608 3549 promissione,
625 3470 769 3553 Populum
785 3476 817 3533 el
832 3470 956 3535 llilitnn
972 3471 1141 3543 infascinat,
1157 3470 1266 3534 Partim
1283 3470 1375 3533 armis
1390 3466 1493 3531 vindi-

292 3575 378 3640 cibus
400 3582 513 3646 terret,
534 3578 643 3660 partim
666 3599 739 3643 rcro
758 3580 821 3663 jum
842 3580 965 3663 praevie
981 3584 1155 3663 corruptum
1172 3578 1353 3642 Generelem
1368 3576 1493 3659 liarolyi

292 3684 330 3749 ad
352 3684 543 3749 convocanda
563 3685 620 3749 sub
644 3693 801 3770 praetentu
824 3688 972 3754 adventus
990 3688 1085 3753 nostri
1107 3686 1382 3753 confoederationis
1406 3704 1495 3749 com·

293 3791 444 3864 membru,
471 3794 561 3857 facile
586 3795 781 3877 persuadet‚'
800 3798 849 3880 qui
877 3797 968 3861 etiam
994 3796 1100 3883 (nobis
1131 3796 1335 3860 extensionem
1368 3793 1495 3859 termini

291 3900 488 3983 peremptorij
503 3900 591 3963 avide
606 3902 875 3989 praestolantibus)
885 3903 956 3967 dam
970 3905 1088 3968 interea
1099 3904 1209 3967 Pollius
1224 3902 1260 3967 ad
1278 3902 1335 3965 tria
1351 3902 1498 3965 milliaria

292 4013 389 4073 costra
405 4010 494 4080 locat,
511 4029 571 4073 non
587 4010 675 4074 modo
691 4028 727 4073 se
741 4011 778 4073 ad
796 4013 968 4077 Tractatum
984 4012 1243 4096 summumque
1265 4010 1493 4076 foederatorum

291 4121 418 4181 statuum
435 4119 540 4182 illecto
556 4120 642 4183 Duce
657 4124 688 4183 et
703 4120 769 4203 elije
782 4122 980 4187 Senatoribus
996 4123 1136 4195 immittit,
1152 4121 1208 4185 sed
1224 4119 1307 4185 clud
1322 4128 1495 4205 acceptan-

291 4226 345 4289 dus
360 4226 498 4291 obtrusus
513 4226 599 4291 Pacis
613 4229 803 4294 conditiones
819 4230 914 4317 (quae
928 4236 964 4295 ut
978 4232 1135 4315 plurinum
1147 4229 1497 4298 exeomideratiouibus

292 4332 349 4397 sub
363 4334 417 4397 Νι.
435 4334 455 4397 d
471 4336 596 4399 annexis
612 4338 760 4414 collectae
776 4344 855 4412 sunt,
871 4345 909 4412 ¹et
923 4361 982 4405 nce
998 4338 1067 4404 dum
1082 4340 1121 4405 ad
1135 4357 1239 4403 meum
1256 4344 1378 4403 nomme
1395 4339 1495 4403 derc-

291 4441 419 4529 nerust)
435 4448 497 4507 tum
512 4443 652 4518 militem,
668 4452 730 4510 tur
751 4448 867 4531 reliqna
884 4446 1388 4513 Confundemtioniscommmrbra
1410 4452 1494 4513 unu

292 4552 471 4619 antboritete
484 4554 544 4618 sibi
555 4556 853 4641 conbinadisponit,
861 4564 894 4623 ut
905 4579 942 4625 en
954 4558 1279 4631 facteetllortalitium
1289 4558 1494 4623 Gassoricnse
