3117 5084
1202 377 1252 457 37

40 559 240 644 aliquantum
263 559 501 629 Sere'nissimae,
524 556 661 624 Reditum
684 576 782 622 meum
805 578 842 622 ex
865 559 1017 643 llungaria
1040 560 1255 646 exspectantis,

41 666 192 732 Dentisci
216 672 373 753 acceptum
396 665 581 737 Mandatum,
617 667 723 749 uigore
751 666 838 748 quus
861 668 1051 751 Regiomonti
1078 687 1255 753 comparere

39 775 194 858 jubebar.
218 775 407 859 bloremboc
429 776 460 839 in
477 796 565 860 passu
582 776 665 858 gessi
684 780 716 840 et
733 775 804 839 illuc
819 774 869 863 (id
884 796 903 840 e
918 778 962 841 lte
978 776 1160 843 Serenitatis
1174 778 1255 845 Vnae

42 885 187 949 futurum
210 881 365 972 opinatus)
385 904 432 947 mc
449 886 585 969 protinus
602 884 730 957 contuli,
747 904 783 949 ac
799 884 1019 949 serenissimae
1034 886 1254 969 Rastenburgo‚

42 990 132 1055 unde
160 994 270 1077 partim
298 992 336 1057 ob
365 990 554 1057 intolerabile
577 993 690 1077 frigus,
715 993 823 1077 partim
847 992 886 1057 ob
910 992 1062 1059 delectum
1086 998 1255 1079 sumptuum

41 1120 251 1184 progressum
279 1100 437 1167 inchoatae
462 1102 660 1167 itinerationis
690 1102 935 1188 impedientium,
964 1101 1101 1176 redibat,
1129 1103 1254 1168 obviare

44 1208 191 1273 Gratiam
219 1208 324 1281 habui,
353 1209 554 1296 brevibusque
580 1211 717 1276 enarravi
744 1207 817 1275 nibil
845 1209 918 1274 mibi
938 1210 1142 1275 serenitatem
1164 1211 1255 1278 Vram

44 1316 242 1381 couunisisse
259 1337 295 1381 eo
313 1315 392 1402 quod
407 1318 588 1404 Principisaa
604 1320 684 1383 omni
700 1324 850 1384 momento
873 1320 903 1383 in
928 1320 1110 1402 ilungariam
1125 1324 1254 1383 ventura

45 1424 245 1490 crederetur.
279 1424 527 1511 Conquerebatur
547 1427 748 1492 Serenissima
769 1446 805 1492 se
828 1427 919 1490 multo
942 1428 1039 1491 minus
1055 1428 1254 1493 Paconianum

44 1534 229 1618 accepisse,
259 1552 345 1619 quam
372 1533 492 1619 quidem
508 1535 664 1620 bucusque
680 1534 848 1606 ferebatur,
864 1554 958 1619 snper
974 1556 1033 1620 quo
1049 1535 1254 1601 serenitatem

45 1640 143 1705 Vnam
162 1642 246 1707 linus
268 1641 307 1705 de
321 1640 463 1708 Fierville
485 1645 515 1707 in
537 1646 598 1708 suis
615 1643 654 1707 dc
670 1643 740 1707 dato
759 1644 810 1707 15.
827 1643 894 1708 Jan.
911 1644 1093 1708 luculentius
1110 1644 1256 1710 Serenia-

45 1749 147 1814 simae
175 1750 293 1814 Statum
323 1750 501 1816 notificando
528 1748 690 1817 humillime
721 1752 908 1817 informarit:
951 1752 1001 1817 ltle
1029 1752 1109 1837 quod
1136 1753 1253 1825 attinet,

46 1856 190 1923 secundo
213 1864 369 1945 postquam
396 1861 623 1943 Regiomontum
645 1860 852 1932 advenissem,
880 1858 930 1924 die
956 1860 1007 1926 lt.
1031 1860 1165 1926 ianuarii
1189 1862 1256 1927 uiae

48 1967 228 2031 lterolinum
243 1986 349 2033 versus
361 1988 409 2032 me
421 1970 566 2041 commisi,
580 1969 657 2055 quod
671 1969 725 2034 20.
735 1967 878 2052 Ejusdem
890 1968 1004 2033 biensis
1016 1968 1136 2034 tandem
1147 1970 1255 2035 Divina

50 2072 160 2140 Gratia
175 2075 308 2140 feliciter
322 2076 417 2159 attigi.

146 2182 299 2266 Cogitanti
315 2184 364 2249 bic
376 2184 415 2249 de
427 2185 534 2250 modiis
546 2186 684 2252 Reditum
697 2185 899 2269 Principissae
912 2186 943 2248 in
956 2186 1148 2268 ilungariam,
1166 2204 1255 2271 quem

51 2312 107 2356 sua
123 2291 284 2357 Serenitas
311 2294 442 2359 sollicite
462 2294 609 2368 uouebat,
632 2292 854 2365 admaturandi,
881 2293 954 2357 illud
977 2293 1025 2357 uel
1053 2294 1179 2358 maxime
1206 2314 1255 2359 me

52 2400 207 2484 angebat,
229 2401 396 2467 cunctando
420 2410 453 2467 et
470 2410 589 2489 tempus
608 2399 820 2490 protrahendo!
833 2400 925 2466 multa
947 2401 1038 2465 millia
1059 2401 1156 2467 adhuc
1181 2422 1256 2467 con-

53 2514 207 2594 sumptum
232 2508 287 2580 iri,
312 2528 388 2594 quae
411 2517 510 2575 tamen
527 2510 633 2575 minori
657 2528 770 2575 summu
795 2508 903 2573 redimi
922 2509 1060 2595 quirent;
1082 2510 1257 2575 Accedebat

54 2622 87 2681 ct
101 2616 162 2684 boc
177 2616 283 2699 majori
299 2618 462 2682 retlerione
478 2617 611 2703 dignum,
629 2618 828 2703 0000110Ιο0,
850 2636 924 2703 quas
940 2618 1091 2702 expeditio
1108 2639 1255 2704 praesens

59 2732 280 2798 concerneret,
308 2726 453 2811 imprimis
473 2748 546 2793 uero
569 2727 775 2793 berolinensis
797 2724 905 2815 (prout
927 2725 957 2791 id
973 2734 1138 2812 sequentes
1161 2730 1257 2793 eluci-

55 2834 171 2899 dabunt
186 2832 334 2921 Paginae)
349 2836 533 2919 Regressum
559 2836 638 2901 bunc
655 2836 858 2920 maximopere
873 2842 1036 2919 cuperent,
1054 2835 1140 2902 etde
1157 2837 1256 2901 causis

56 2942 119 3007 Cur
143 2962 220 3014 non,
244 2942 394 3008 interdum
410 2942 646 3009 sciscitarentur.
687 2944 733 3010 Ne
749 2945 843 3029 igitur
856 2950 1038 3009 momentum
1057 2945 1116 3009 boc
1132 2944 1256 3008 arduum

56 3050 144 3135 operi
160 3048 278 3116 obicem
294 3056 441 3135 poneret,
465 3056 515 3118 aut
539 3052 724 3117 Existimatio
741 3052 947 3118 Serenitatum
961 3054 1088 3121 Vrarum
1105 3052 1255 3137 quidpiam

58 3164 232 3243 pateretur,
261 3160 432 3225 Secundum
467 3160 697 3226 instructionem
725 3162 946 3226 Serenissimac
976 3162 1074 3225 Dnum
1101 3158 1258 3225 iablonski

59 3269 88 3331 in
111 3266 143 3331 id
159 3268 323 3352 proclivem
341 3268 410 3355 (qui
426 3268 529 3334 itidem
537 3268 778 3343 serenissimam,
797 3289 884 3355 quam
901 3268 1045 3334 citissime
1057 3267 1257 3333 discessuram

60 3394 96 3439 ex
117 3374 275 3459 ipsiusmet
296 3374 333 3440 ad
349 3396 384 3441 se
400 3375 478 3440 datis
493 3376 606 3441 biteris
622 3376 726 3441 Aulam
742 3374 988 3464 assecurarerat)
1004 3396 1042 3441 eo
1057 3376 1178 3440 tandem
1194 3374 1258 3439 dis·

60 3483 164 3568 posui,
189 3488 222 3548 ut
244 3482 332 3547 tidem
361 3502 445 3549 suam
468 3483 649 3549 Cambialem
681 3484 759 3570 apud
782 3485 983 3551 blei-catorem
1013 3483 1051 3549 ad
1082 3483 1136 3549 22.
1162 3502 1258 3567 usque

62 3592 188 3675 Augusti
199 3592 267 3655 anni
279 3592 447 3677 praesentis
459 3613 552 3678 super
561 3594 648 3658 5000
657 3594 795 3658 'l'alleros
807 3594 1026 3679 interponeret.
1047 3590 1260 3658 teodradam

62 3700 289 3784 Regiomontum
304 3700 341 3765 00
357 3700 577 3766 Serenissimae
588 3700 794 3767 secretarium
810 3700 847 3766 ed
863 3704 933 3786 lege
949 3700 1048 3774 missi,
1065 3722 1104 3765 ne
1120 3701 1152 3765 in
1168 3700 1260 3764 ullum

64 3809 133 3895 quid
153 3809 235 3874 aliud
257 3809 312 3873 aed
335 3810 415 3873 sulas
444 3810 654 3896 impendantur
677 3811 833 3896 Eapensas
856 3808 1041 3883 itinerarias3
1076 3807 1163 3873 1000
1185 3826 1258 3871 uero

64 3916 173 3983 'l'alleri
184 3936 241 4002 pro
256 3916 421 3983 minoribus
436 3916 656 3983 Soronissimae
668 3916 800 3982 Berolini
816 3916 926 3982 babilis
941 3917 1068 3988 debitis,
1085 3935 1142 4002 pro
1156 3913 1259 3998 gravi-

65 4026 118 4091 bus
134 4024 252 4109 l'aggio
271 4030 304 4091 et
318 4024 478 4090 Interessis
494 4026 661 4111 consumpti
678 4030 757 4090 sunt.

151 4133 328 4219 Priusquam
350 4154 423 4197 vero
448 4132 485 4199 ad
501 4130 596 4219 Caput
612 4134 666 4200 11οἰ
690 4132 831 4206 redeam,
856 4154 916 4197 non
939 4152 1061 4218 possum
1084 4151 1162 4204 nou,
1187 4131 1259 4216 quin

68 4244 227 4308 Serenitati
243 4243 323 4307 Vrae
339 4243 489 4327 aperiam;
507 4242 592 4327 Quod
609 4242 682 4307 licet
697 4262 755 4326 ego
772 4262 789 4306 0
805 4242 978 4307 serenitate
990 4241 1050 4305 Vra
1065 4242 1174 4305 nullam
1186 4259 1259 4323 spe·

69 4354 169 4417 cialem
182 4351 219 4415 00
232 4349 419 4416 1000100000
427 4350 589 4435 Negotium
606 4352 839 4441 (praeterquam
846 4350 1012 4416 licentiam
1024 4349 1259 4413 clementissime

69 4464 134 4527 mibi
162 4480 357 4533 concessam,
390 4466 423 4526 ut
444 4462 542 4527 Duum
573 4460 728 4527 iablonski
752 4460 791 4525 00
813 4462 928 4526 Ducem
958 4459 998 4523 00
1026 4456 1259 4540 blarleborougb

72 4568 265 4659 comitarer),
297 4568 452 4635 habuerim
477 4570 745 4647 Commissionem3
773 4572 886 4635 Tamen
910 4570 993 4635 saluo
1015 4572 1047 4633 et
1071 4569 1178 4633 illaeso
1201 4586 1260 4653 quo
