3117 5084
294 285 343 358 76

292 480 393 524 rerum
409 459 464 523 ibi
482 464 750 542 peractarum
768 478 844 522 unus
860 458 940 521 enim
955 478 1006 521 res
1023 478 1091 521 cum
1106 462 1247 522 contentu
1264 457 1485 541 Principum

291 573 429 653 peractas
447 586 517 631 esse
534 568 644 631 asserit
659 569 758 631 alter
773 586 867 630 vero
885 566 1043 630 Czarum
1064 586 1143 631 cum
1164 586 1258 651 rege
1274 566 1486 630 Borussiae

291 678 369 740 male
391 680 564 740 contentum
580 676 820 742 discessisse
842 675 958 746 scribit,
983 680 1167 759 quapropter
1180 676 1344 760 percipere
1361 675 1489 738 nondum

291 786 440 871 potuimus
457 805 525 848 num
542 784 584 848 ibi
600 784 790 848 conclusa
806 783 837 846 in
853 783 1064 847 detrimentum
1078 784 1187 866 regis
1204 783 1376 847 Sveciae
1401 804 1489 847 rer·

172 973 179 980 ¹.
291 899 383 978 gant
404 913 441 956 an
465 893 496 956 in
518 895 748 957 emolumenturn
776 892 1071 975 regisdugusti
1094 891 1148 955 sed
1172 889 1335 956 decisiram
1358 913 1376 955 a
1400 891 1491 955 Vobis

293 1006 485 1086 expectamus
501 1001 750 1073 informationem,
768 1005 800 1064 et
815 1020 870 1085 pro
895 999 1032 1064 ulteriori
1052 999 1329 1066 directionerestra
1341 1019 1491 1084 praesen·
1553 1005 1554 1010 ’

293 1111 373 1175 tibus
395 1110 597 1174 tantummodo
622 1109 711 1175 Vobis
739 1109 932 1176 intimandum
959 1107 1093 1172 duximus
1118 1106 1228 1171 nobis
1257 1108 1492 1172 Constanti·

293 1214 1492 1302 nopoliablegatisnostrisinnotuissedecisumessebellum

293 1327 595 1392 llloscoviticum
617 1331 648 1391 et
671 1331 765 1391 totum
791 1327 950 1411 imperium
973 1326 1259 1390 Ottomanicum
1279 1325 1493 1389 summales

294 1434 1494 1519 facercpreparationesproimminenticampegniaquaocca·

293 1544 378 1608 sione
394 1543 453 1606 uti
469 1543 576 1608 nobis
593 1563 742 1628 quoque
759 1543 967 1628 apostasia
983 1546 1051 1607 est.
1068 1542 1493 1627 SiquidemportaOtho·
1553 1549 1554 1552 ’

293 1652 470 1715 monnica
486 1650 529 1714 ad
545 1657 718 1716 nostrum
741 1670 895 1737 quoque
916 1651 1099 1715 auxilium
1118 1671 1161 1714 se
1177 1655 1386 1735 promptam
1401 1670 1492 1714 esse

294 1759 516 1824 declaravit
532 1761 565 1824 si
582 1761 705 1825 eidem
721 1761 858 1824 Budam
873 1760 1022 1843 Agriam
1046 1766 1086 1825 et
1105 1761 1262 1844 reliqua
1283 1760 1429 1824 fortalitia
1450 1756 1493 1823 ab

294 1869 342 1932 iis
359 1873 545 1953 occupata
561 1870 701 1942 cedere
717 1869 904 1942 volumus,
922 1869 1029 1953 quibus
1042 1869 1143 1933 taliter
1154 1868 1325 1934 constitutis
1339 1868 1386 1931 ad
1400 1868 1493 1932 ulti·

294 1997 384 2041 mam
404 1977 654 2042 Dominorum
677 1976 893 2041 alliatorum
915 1974 1160 2064 cssxpectamus
1183 1977 1418 2050 resolutionem,
1443 1977 1493 2061 qui

294 2086 321 2150 si
333 2086 534 2158 tardaverint,
561 2089 611 2150 aut
633 2085 773 2170 petitis
797 2085 943 2152 nostris
965 2085 1127 2173 adequales
1144 2105 1204 2149 non
1219 2085 1375 2149 extiterint
1390 2104 1495 2150 coram

295 2195 431 2259 omnibus
458 2194 648 2279 Principibus
676 2195 959 2278 protestamini
990 2195 1144 2258 nomine
1172 2199 1310 2258 nostro
1338 2213 1494 2259 consensu

295 2309 423 2368 nostro
446 2323 561 2388 super
588 2303 659 2366 hoc
680 2303 921 2387 praestando
947 2308 978 2367 et
1005 2303 1237 2367 Christianitatis
1260 2303 1361 2367 futuro
1395 2300 1494 2366 detri-

294 2415 395 2474 mento
422 2412 470 2476 vel
497 2413 623 2475 maxime
651 2410 733 2474 dum
761 2411 868 2475 clare
895 2411 1065 2477 ridemus
1092 2412 1166 2476 nihil
1198 2411 1311 2477 nobis
1340 2433 1357 2476 a
1386 2412 1494 2475 domo

294 2521 496 2583 austriaca
512 2523 636 2604 praeter
652 2523 776 2584 cruenta
798 2520 951 2584 theatra
967 2522 1280 2605 persecutiones
1296 2521 1495 2584 etsclari-

293 2633 412 2693 tatem
442 2634 618 2713 perpetuam
645 2627 872 2712 sperandum
900 2630 1213 2714 superexistere,
1235 2629 1299 2712 jam
1326 2630 1409 2693 euim
1437 2628 1494 2694 snb

294 2738 392 2802 Armis
409 2756 555 2822 quoque
571 2737 675 2820 capti
692 2736 893 2802 officiales
909 2738 1036 2802 nostri
1051 2739 1186 2822 laqueo
1204 2737 1496 2821 suspenduntur

296 2850 332 2908 et
356 2865 402 2908 ne
427 2846 570 2929 captivi
594 2845 867 2910 ducantursed
887 2845 1494 2933 utomnesoccidanturpublicu

294 2954 480 3038 llaysteri
503 2953 683 3018 mandato
700 2955 922 3038 promulgatum
937 2958 994 3021 est.

383 3061 598 3126 Exercitus
628 3061 899 3128 Germanorum
928 3064 1039 3149 elapsis
1062 3064 1245 3149 Septimania
1273 3061 1369 3127 celeri
1401 3083 1493 3128 cursu

296 3171 335 3232 in
362 3171 594 3255 Sccpusium
617 3173 700 3236 uenit
727 3177 765 3236 et
789 3172 1064 3239 Leutshoriam
1092 3171 1237 3237 duabus
1264 3173 1493 3256 septimanis

295 3279 501 3343 obsidione
523 3279 686 3344 cinctam
713 3283 826 3354 tenuit,
852 3302 956 3367 quam
978 3283 1152 3367 praeteritis
1181 3281 1313 3346 diebus
1335 3280 1493 3344 solvere

296 3391 450 3450 coactus
467 3393 534 3461 est,
557 3389 703 3473 Princeps
718 3389 961 3453 Lubomirski
978 3411 1056 3455 cum
1071 3395 1153 3456 tuto
1170 3391 1305 3454 exercitu
1320 3408 1389 3452 suo
1406 3389 1493 3453 illo·

296 3513 373 3558 rum
396 3501 531 3578 partes
552 3498 728 3561 accessit
753 3501 785 3561 et
811 3519 846 3560 se
873 3498 1086 3563 hostilitatibus
1113 3499 1272 3562 civitati
1300 3498 1492 3562 obsessae

298 3602 511 3667 declaratis
536 3607 731 3671 inimicum
748 3605 927 3680 declaravit,
943 3607 991 3670 bis
1007 3610 1184 3672 tamennon
1200 3605 1388 3672 obstantibus
1405 3626 1493 3691 per·

298 3712 469 3775 sonalem
496 3733 673 3797 paramus
695 3715 931 3798 expeditionem,
957 3736 1014 3799 qua
1034 3716 1166 3780 feliciter
1181 3717 1317 3800 perfecta
1333 3733 1492 3799 speramus

296 3840 359 3882 res
381 3826 529 3885 nostras
552 3825 758 3888 restitutas
781 3823 833 3887 iri
848 3824 895 3889 rel
912 3823 949 3887 ad
963 3825 1116 3887 minimum
1130 3828 1245 3888 tautum
1259 3824 1406 3907 temporis
1422 3823 1492 3886 lrac

296 3929 417 3992 hieme
434 3931 665 4006 lucraturus,
683 3932 779 4016 quod
795 3934 938 3998 auxilio
954 3934 1159 3997 'furcarum
1175 3933 1330 3997 fructuose
1345 3934 1491 4017 utipote-

296 4038 404 4109 rimus,
427 4039 507 4120 agite
531 4046 693 4124 propterea
714 4062 783 4106 cum
799 4042 878 4105 omui
893 4041 1071 4114 sedulitate,
1095 4047 1127 4106 et
1146 4042 1303 4124 diligentia
1326 4046 1359 4105 et
1372 4042 1437 4105 Nos
1453 4041 1491 4104 de

297 4146 412 4210 cunctis
429 4147 659 4214 circumstantiis
677 4151 969 4233 negotiationis
986 4155 1140 4215 vestrae
1156 4151 1377 4216 informate.
1401 4151 1491 4232 Agite

296 4259 455 4338 praeterea
471 4258 583 4339 gratias
599 4258 725 4324 Nomine
741 4259 852 4323 Nostro
876 4261 1033 4324 Domino
1055 4260 1075 4325 J
1081 4259 1290 4324 ablonslrio
1318 4264 1358 4323 et
1380 4259 1491 4323 Saiut

297 4366 316 4430 J
321 4365 451 4429 uliano
475 4386 530 4450 pro
553 4368 736 4450 synceritate
759 4369 792 4431 in
812 4369 909 4432 literis
928 4369 1015 4433 nobis
1032 4389 1175 4452 expressa
1191 4366 1270 4453 prod
1286 4369 1407 4432 Literas
1423 4387 1491 4452 per

296 4475 426 4539 lliszcl
443 4477 631 4539 transmissas
647 4477 829 4560 accepimus,
846 4478 989 4543 necdum
1010 4483 1110 4542 buren
1131 4478 1321 4542 transmissas
1342 4496 1491 4540 merces
