3117 5084
629 590 680 659 14.

286 718 500 784 Schroihen
522 717 721 804 Rdhdczy's
746 739 792 783 an
817 718 1022 784 iablonski.

459 844 550 933 (31.
574 846 675 911 Mara
699 844 832 933 1709.)

150 1006 373 1073 Clarissimo
394 1028 435 1073 ac
456 1006 687 1092 amplissime
707 1008 773 1074 vir.
797 1008 942 1093 siquidem
964 1029 981 1071 a
1004 1007 1137 1075 discessu
1152 1011 1242 1076 lile-

52 1118 200 1183 mentis
222 1117 445 1183 nonnisi‘hinas
468 1122 533 1183 tuas
557 1134 708 1202 quarum
729 1136 800 1182 una
821 1118 880 1183 26.
902 1118 1092 1202 lanuarij,
1120 1121 1242 1185 altera

53 1248 149 1293 roro
175 1226 235 1293 23.
253 1225 655 1292 subsecuti'mensium
679 1224 788 1290 datae
810 1230 920 1291 erant
940 1228 1108 1312 accepimus
1130 1228 1242 1304 literas,

54 1342 91 1402 ut
107 1336 146 1401 ad
163 1335 284 1401 uberius
300 1334 491 1421 exprimenda
506 1336 594 1399 animi
610 1336 703 1399 nostri
724 1355 813 1400 sensa
828 1341 1017 1419 praesentem
1031 1336 1243 1422 prolongemus

54 1446 225 1532 Epistulam
241 1465 397 1510 necessum
413 1465 480 1510 esse
491 1444 667 1529 judicamus.
701 1444 764 1527 Qua
784 1449 909 1528 propter
924 1450 1080 1531 antequam
1096 1448 1132 1512 ad
1146 1450 1242 1513 inter-

55 1555 217 1620 venientes
238 1574 337 1619 rerum
362 1554 596 1643 circumstantias
613 1573 785 1637 regressum
800 1554 957 1627 faciamus,
978 1555 1089 1639 placuit
1111 1558 1244 1622 breviter

55 1666 212 1747 attingere
229 1664 381 1749 quaedam,
398 1684 473 1749 quae
488 1664 583 1728 literis
598 1663 670 1727 Tuis
692 1662 805 1726 inserta
821 1682 888 1727 esse
909 1665 1075 1748 reperimus
1095 1686 1130 1729 ac
1151 1687 1242 1751 prae·

54 1774 163 1858 primis
184 1773 252 1837 dum
268 1772 529 1837 hauaricarum
555 1772 734 1836 ditionum
750 1772 930 1835 mentionem
945 1772 1051 1836 sacam
1066 1774 1096 1836 in
1113 1794 1148 1839 ea
1164 1777 1242 1857 legi-

54 1902 140 1954 mus,
166 1882 310 1946 ralionem
331 1882 464 1947 invenire
487 1881 565 1947 haud
587 1902 758 1967 possumus,
784 1881 929 1966 mornado
952 1902 1053 1946 earum
1073 1883 1189 1947 Nomen
1211 1885 1241 1948 in

57 1992 148 2057 nullis
178 1990 273 2055 literis
301 1996 350 2055 ant
372 1990 635 2056 instructione
662 1996 793 2055 nostra
820 1990 986 2075 appositum
1009 1993 1241 2075 negotiationem

57 2102 135 2165 hanc
166 2101 333 2182 ingressum
362 2101 410 2164 sit.
456 2100 530 2165 ilinc
556 2104 589 2165 ut
615 2098 652 2163 ad
678 2100 806 2164 Primum
832 2100 1042 2184 propositionis
1076 2100 1240 2167 membrum

63 2208 219 2274 redeamus
234 2208 405 2274 mirariNos
418 2209 802 2294 opportetdominorum
819 2208 1031 2273 alliatorum
1046 2210 1240 2276 ministros

58 2318 110 2382 ita
136 2322 370 2403 praeventos
398 2339 500 2391 esse,
526 2322 564 2383 ut
592 2318 844 2401 separatione
870 2318 983 2401 regni
1005 2318 1196 2402 Ungariae
1223 2342 1240 2384 a

57 2426 164 2494 domo
192 2427 386 2492 austriaca
408 2448 485 2491 rem
509 2426 571 2509 agi
595 2424 757 2491 credant
778 2446 945 2512 europae
968 2448 1104 2492 summe
1127 2450 1240 2513 prae·

53 2536 297 2620 judiciosam.
327 2535 413 2600 Unde
433 2556 505 2600 sane
527 2556 585 2602 non
606 2534 659 2599 ahs
682 2556 716 2599 re
738 2536 937 2619 cogitaremus
959 2537 1002 2599 eis
1018 2558 1074 2621 per
1090 2537 1241 2603 discursus

54 2646 178 2730 saepius
203 2646 399 2731 recapitulare
420 2667 466 2717 ea,
489 2664 563 2731 quae
586 2646 617 2709 in
638 2644 747 2709 Litoris
762 2644 880 2709 Nostris
906 2646 1072 2710 secretis
1092 2646 1128 2709 Τ.
1145 2646 1179 2713 V.
1205 2646 1238 2711 0.

56 2757 189 2819 exaratis
209 2755 302 2819 fusius
326 2753 555 2827 deduxeramus‚
578 2757 704 2837 etopus
727 2752 843 2816 hocin
866 2752 1046 2837 Europae
1074 2756 1238 2839 quietem

55 2863 228 2928 tendere
256 2864 354 2927 lorte
377 2864 443 2948 ipse
465 2882 626 2946 agnosces,
653 2862 679 2926 si
700 2882 736 2925 ea
762 2862 956 2946 recapitulata
979 2861 1138 2937 discuties;
1160 2862 1239 2948 quod

54 2973 173 3037 sienim
188 2972 357 3056 praeteritis
369 2970 692 3057 annishispanicam
709 2969 833 3034 domus
848 2971 1063 3035 austriacae
1076 2972 1129 3035 uti
1143 2972 1238 3056 ipsi·

54 3088 130 3145 met
152 3080 329 3165 postliminio
348 3083 533 3164 agnoverunt
552 3078 854 3144 haereditariam
873 3079 1129 3144 monarchiam
1144 3080 1238 3145 divi-

55 3190 220 3256 dendam
244 3192 475 3255 censuerunt
490 3189 612 3253 alliati
636 3188 672 3252 ad
693 3190 927 3254 conseruandam
941 3194 1114 3275 perpetuam
1137 3209 1242 3273 pacem

55 3306 85 3365 et
100 3298 363 3383 tranquillitatem,
381 3320 455 3384 quae
471 3299 545 3363 ratio
562 3303 662 3383 potest
677 3303 813 3362 vetare
834 3317 987 3381 regnum
1002 3298 1242 3363 haereditati

53 3429 145 3473 suae
167 3408 352 3472 violentis
377 3408 508 3472 mediis
530 3408 813 3493 appropriatum
838 3428 925 3473 suae
946 3405 1110 3471 reddere
1131 3412 1238 3492 pote·

54 3516 161 3582 stati.
198 3516 237 3580 Et
264 3517 408 3601 siquidem
435 3517 625 3601 supponimus
654 3517 724 3580 nihil
752 3516 909 3581 alliatos
934 3516 1029 3599 magis
1054 3515 1237 3589 desiderare,

57 3646 144 3710 quarn
162 3626 337 3710 populorum
352 3644 472 3690 suorum
489 3626 617 3709 quietem
629 3630 696 3709 post
712 3629 757 3690 tot
768 3627 930 3690 exantlatos
945 3626 1094 3689 Bellorum
1108 3624 1238 3697 labores,
1259 3602 1265 3611 ’

55 3741 85 3799 ut
103 3739 135 3799 et
150 3736 251 3799 lutura
266 3734 442 3819 respiciant,
459 3738 490 3799 et
505 3734 583 3799 hunc
599 3734 784 3798 Thesaurum
799 3734 836 3798 ad
852 3739 988 3818 posteros
1006 3753 1122 3818 quoque
1138 3738 1237 3798 trans·

56 3846 177 3909 mittere
191 3849 342 3926 satagant,
368 3862 386 3908 e
408 3864 442 3907 re
466 3864 567 3909 eorum
584 3864 651 3907 esse
668 3843 826 3907 credimus.
842 3842 986 3907 vertite
1008 3842 1091 3908 ideo
1108 3842 1237 3907 oculos

57 3954 98 4018 ad
120 3952 246 4035 Regni
267 3953 379 4035 hujus
410 3952 522 4017 sitnm
543 3952 636 4037 quod
660 3952 888 4016 Christianitatis
915 3952 1097 4015 antemurale
1126 3972 1142 4015 a
1166 3970 1235 4015 sae-

58 4064 129 4128 culis
144 4064 240 4127 luisse
256 4062 378 4127 noscitis
394 4066 425 4125 et
440 4061 577 4133 credide,
595 4080 651 4145 quo
667 4062 831 4125 secundum
846 4060 1058 4146 opinionem
1073 4064 1235 4124 vestram

57 4171 90 4237 in
112 4172 286 4236 manibus
301 4171 546 4255 Imperatoris
567 4175 813 4254 permanente
829 4170 917 4234 facile
933 4167 1067 4254 aparebit
1087 4173 1237 4232 natura·

58 4282 127 4347 lem
155 4280 476 4347 Christianitatis
503 4280 660 4345 hostem
690 4282 853 4345 Turcam
882 4280 997 4343 solam
1026 4296 1236 4362 superesse

60 4391 280 4475 potentiam,
296 4410 387 4476 qnae
403 4388 558 4455 amissas
575 4390 609 4453 in
626 4390 757 4475 quiete
771 4392 924 4475 reparat
938 4388 1058 4462 rires;
1076 4405 1151 4470 quae
1165 4384 1235 4471 quid

62 4500 291 4585 consegrenfiae
307 4503 375 4583 post
389 4516 423 4562 se
439 4499 558 4564 trahant
572 4498 721 4583 inspicere
737 4503 892 4585 opportet,
909 4518 966 4562 nee
980 4497 1067 4562 facile
1080 4494 1237 4561 credemus

60 4607 215 4675 'lurcam
246 4608 282 4673 in
311 4629 409 4693 pace
436 4628 706 4680 remansurum,
738 4608 817 4673 dum
844 4606 965 4672 ricini
992 4605 1235 4690 lmperatoris
