3117 5084
289 361 365 433 302

375 537 449 601 Les
472 537 681 603 ministres
704 537 749 602 de
773 539 807 602 in
829 539 920 602 Auia
943 538 989 602 de
1006 539 1170 605 Wienne
1192 543 1325 622 pervent
1346 537 1433 601 aveir
1448 535 1486 600 de

282 645 381 727 justes
399 651 515 710 raisons
532 647 570 710 de
587 646 766 712 ernindre
782 646 1017 712 l'arrnenrent
1038 648 1104 712 dee
1118 648 1242 711 'l'uree
1258 654 1296 711 et
1315 643 1370 709 s'ii
1387 646 1488 708 errire

287 773 324 816 en
342 753 413 818 eii'nt
430 755 529 839 quein
546 755 664 820 Ponte
681 756 824 820 vienne
841 777 1025 840 arompre
1045 777 1139 820 eree
1161 757 1193 819 le
1214 757 1359 819 maison
1377 751 1488 816 d'An-

287 863 411 926 triehe
435 865 491 927 lee
514 865 627 928 allier
648 868 788 930 veroni
808 866 911 928 alors
936 865 1019 950 pius
1044 864 1271 929 eleirerneni
1294 863 1329 926 le
1352 860 1489 945 preju-

287 970 374 1034 diee
402 971 515 1056 qn'ils
543 991 585 1037 ee
613 974 700 1037 sont
720 973 767 1038 de
789 975 854 1056 lny
874 973 1073 1038 sacrifier
1092 972 1241 1058 melgrd
1264 972 1375 1036 leurs
1398 989 1490 1054 pro-

287 1099 436 1143 meeses
460 1081 496 1144 le
519 1081 650 1146 netion
674 1081 902 1168 Hongreiee.

324 1201 485 1277 (θῑῑεῐΰῑῑ)
942 1208 1135 1274 Frenenis
1155 1207 1298 1272 Prinee
1318 1227 1360 1272 m.
1377 1228 1409 1294 p.

851 1425 925 1492 160.

550 1549 711 1614 Beriehi
734 1548 941 1615 Klement‘s
965 1570 1008 1614 an
1032 1549 1219 1634 dederq.

626 1674 801 1742 D'Utrecht
816 1697 852 1743 ee
869 1678 898 1740 le
914 1678 934 1740 ὅ
951 1677 1032 1742 Mare
1050 1677 1147 1742 1712.

380 1821 428 1885 Ma
444 1819 536 1885 fierre
552 1822 650 1886 tieree
670 1821 797 1886 rn'einnt
811 1821 959 1905 emperie
975 1821 1014 1885 de
1029 1824 1122 1885 eortir
1137 1822 1166 1885 ln
1182 1821 1314 1884 semine
1331 1822 1444 1906 pessde
1458 1827 1488 1884 ei

289 1927 328 1992 de
344 1929 410 1994 rein
424 1949 519 1994 eneun
536 1930 670 1996 ministre
687 1933 832 2012 estranger
846 1949 884 1993 nu
899 1930 980 2010 eujet
994 1928 1049 1992 dee
1065 1929 1184 1993 affaires
1200 1929 1239 1992 de
1255 1928 1290 1993 V.
1306 1930 1343 1993 A.
1361 1930 1396 1994 S.
1413 1948 1489 2013 penr

290 2038 340 2121 luy
356 2057 395 2100 en
411 2038 536 2120 peuroir
551 2036 662 2103 rendre
679 2041 801 2122 compte
817 2056 872 2121 per
886 2057 934 2100 rrre
949 2037 1091 2101 derniere
1107 2038 1197 2102 lettre
1214 2038 1252 2102 du
1273 2037 1286 2102 ί
1307 2037 1348 2100 de
1363 2058 1404 2101 ee
1414 2041 1489 2101 mnis

289 2146 334 2210 fut
350 2148 379 2211 in
393 2166 484 2210 ennse
501 2148 539 2211 de
555 2167 588 2210 ea
604 2147 742 2211 sterilite.
772 2145 907 2210 Meeredi
924 2145 1048 2210 dernier
1059 2145 1127 2227 j'ay
1142 2145 1227 2229 perid
1239 2146 1257 2210 d
1267 2145 1380 2210 iiiierd
1391 2146 1491 2210 Strui·

291 2252 358 2318 ferd
382 2274 435 2318 sur
457 2255 485 2317 ie
507 2253 589 2336 eujet
609 2254 648 2318 de
671 2255 699 2318 in
720 2253 813 2318 lettre
834 2253 873 2318 de
891 2255 924 2318 V.
940 2255 975 2317 d.
992 2254 1025 2318 S.
1043 2253 1082 2316 dn
1099 2254 1142 2318 ³0
1158 2254 1282 2318 dnnrier
1303 2273 1365 2338 qne
1384 2255 1420 2335 je
1441 2255 1491 2340 inq

289 2363 370 2428 evoit
391 2363 599 2446 communiqud
620 2383 677 2446 per
696 2382 809 2428 aranee
828 2363 864 2445 je
884 2359 951 2446 i'ey
964 2364 1070 2426 roure
1082 2365 1248 2446 jneternerrt
1262 2367 1334 2447 pret
1349 2362 1492 2428 dentre

291 2491 329 2536 en
353 2473 537 2536 eonferenee
559 2490 632 2536 eree
655 2471 804 2556 quelques
825 2470 978 2536 ministres
999 2472 1054 2536 des
1076 2472 1160 2536 adies
1176 2478 1208 2536 et
1222 2471 1356 2535 menei}
1373 2490 1426 2554 yn
1443 2473 1491 2537 ete·

292 2581 407 2664 recepe
422 2585 506 2644 toute
522 2586 603 2646 cette
619 2582 752 2644 sennine
768 2585 964 2665 apperement
978 2601 996 2644 a
1011 2585 1174 2645 concertor
1186 2582 1214 2646 la
1230 2599 1362 2664 repense
1374 2599 1437 2666 qne
1447 2582 1492 2645 ier

293 2687 378 2752 adies
403 2708 442 2752 en
457 2689 582 2772 general
600 2688 734 2754 dennent
750 2687 928 2769 aujourdhui
945 2709 1000 2752 aux
1014 2689 1291 2773 plenipotentiaires
1307 2688 1345 2754 de
1361 2688 1491 2752 Franco.

293 2795 314 2860 ΙΙ
336 2793 394 2859 rn'a
417 2794 461 2859 dit
483 2795 603 2861 d'evoir
623 2796 653 2859 lu
675 2797 704 2859 ie
726 2800 858 2861 eontenu
874 2796 913 2861 de
929 2797 957 2862 ia
973 2798 1062 2860 ieitre
1079 2797 1153 2860 dont
1164 2798 1198 2879 je
1213 2797 1264 2879 luy
1278 2815 1315 2880 ny
1331 2797 1492 2880 enrnyeia

294 2903 381 2988 eopie
397 2904 465 2967 etii
481 2921 529 2966 me
546 2903 691 2968 demenda
707 2906 732 2968 ei
744 2905 779 2986 je
796 2923 835 2967 ne
852 2905 1036 2970 eonneiseeit
1055 2905 1139 2987 point
1159 2905 1189 2968 ie
1206 2904 1311 2968 Cemte
1334 2904 1373 2967 de
1390 2903 1492 2968 Recin-

292 3020 380 3077 tenen
393 3033 433 3076 nn
445 3012 499 3076 des
513 3011 641 3096 deputes
657 3013 696 3076 de
717 3011 829 3085 fletae
846 3032 963 3078 nomme
975 3015 1009 3095 je
1026 3013 1117 3077 dieoit
1132 3033 1191 3098 que
1207 3033 1278 3084 nen,
1293 3012 1369 3076 mais
1386 3032 1448 3096 qne
1459 3011 1493 3092 je

294 3122 444 3188 trouverai
460 3120 626 3186 i'oeeaeion
643 3121 681 3184 de
698 3122 748 3203 luy
764 3122 867 3206 parler
881 3141 937 3206 per
952 3121 1008 3187 dir.
1026 3124 1176 3187 Pantanus
1191 3122 1264 3186 dont
1275 3121 1346 3206 j'ay
1359 3121 1431 3203 deja
1442 3121 1493 3192 inii

293 3231 424 3296 mention
450 3229 524 3294 dane
548 3249 611 3293 nree
635 3230 838 3313 preeedenter
861 3231 882 3293 ii
903 3251 952 3294 me
976 3232 1118 3294 conseiller
1141 3229 1252 3294 d'nller
1272 3232 1300 3294 ie
1316 3232 1382 3295 reir
1397 3237 1430 3292 et
1445 3231 1494 3312 luy

294 3340 361 3405 dire
376 3361 414 3404 en
430 3339 485 3404 des
500 3345 614 3404 termes
627 3359 780 3422 genereux
793 3361 853 3425 qne
861 3341 897 3405 V,
910 3344 945 3404 Α.
958 3339 991 3408 S.
1004 3342 1085 3406 nient
1095 3342 1250 3424 epprnnrd
1262 3340 1330 3421 drje
1346 3340 1364 3403 d
1380 3339 1494 3403 i'neen-

294 3449 360 3514 nion
377 3447 415 3512 du
431 3447 521 3511 trane
538 3447 576 3510 de
592 3448 712 3528 Tyrnnu
729 3469 786 3513 son
800 3449 972 3513 ineiinetien
988 3467 1064 3531 pour
1080 3450 1107 3512 le
1120 3449 1233 3528 irretire
1248 3446 1287 3510 de
1303 3448 1330 3510 ie
1345 3467 1440 3510 nanee
1455 3446 1495 3509 de

294 3556 329 3622 V.
345 3558 381 3622 d.
398 3556 431 3619 S.
450 3561 482 3619 et
497 3555 535 3618 de
552 3557 578 3618 ie
596 3555 696 3620 netion
713 3557 882 3638 iiongreise
899 3565 930 3623 et
946 3557 985 3622 de
1006 3559 1035 3620 le
1050 3558 1188 3640 Religion
1204 3557 1394 3620 Preteetente
1417 3555 1494 3619 dam

298 3682 334 3730 ee
351 3665 502 3748 floyaune
519 3667 550 3727 et
562 3662 612 3749 qn'
625 3684 736 3728 encore
753 3670 838 3729 etant
852 3665 980 3729 informe
996 3685 1071 3729 aree
1087 3665 1225 3730 cnrnbien
1240 3665 1279 3727 de
1294 3664 1360 3727 rede
1376 3665 1395 3726 ii
1412 3663 1495 3729 r'oei

295 3773 383 3856 perid
405 3771 512 3854 depuis
533 3791 570 3835 ee
591 3776 689 3856 iemps
714 3773 739 3836 ia
763 3792 840 3856 pour
855 3775 899 3838 les
915 3775 1043 3838 interere
1060 3774 1099 3838 de
1115 3773 1151 3839 V.
1167 3774 1202 3836 Α.
1219 3774 1252 3837 8.
1284 3773 1352 3837 lene
1366 3767 1495 3836 rn‘arnir

296 3879 432 3945 ordennd
454 3879 491 3944 de
515 3878 664 3946 l’eesurer
684 3881 724 3944 de
745 3901 801 3946 son
823 3884 923 3947 euritii
947 3889 980 3948 et
1002 3882 1041 3945 de
1063 3884 1114 3964 inq
1128 3881 1195 3945 dire
1212 3879 1331 3965 qu'elie
1346 3883 1494 3963 esperod,

295 4009 356 4074 que
371 3989 421 4073 lny
437 3992 520 4052 nient
535 3990 653 4054 hemme
669 3989 708 4054 de
721 3991 880 4054 naiesnnee
891 3992 1027 4077 quissent
1039 3991 1112 4056 dane
1125 3996 1177 4055 eet
1186 3991 1256 4054 nnn
1266 3993 1299 4053 et
1309 3989 1379 4052 bien
1390 3989 1496 4054 inten-

294 4096 378 4160 tione
394 4115 471 4181 pour
485 4097 513 4159 ln
529 4096 638 4162 lihertd
655 4098 674 4160 il
691 4099 834 4182 eppniera
849 4120 905 4183 per
919 4118 974 4163 sen
991 4098 1090 4162 eredit
1105 4104 1138 4162 et
1151 4117 1207 4182 par
1222 4117 1271 4162 sen
1286 4097 1402 4162 berner
1420 4117 1497 4160 een·

296 4205 368 4270 sede
390 4205 434 4269 dee
457 4205 582 4269 interete
606 4213 637 4269 et
659 4206 688 4269 le
709 4207 951 4272 reiebliesernent
974 4207 1014 4270 de
1029 4207 1066 4270 V.
1083 4209 1117 4269 Α.
1134 4208 1167 4271 S.
1185 4204 1325 4270 d'entent
1338 4205 1405 4289 plns
1423 4205 1495 4292 qn'ii

297 4313 360 4380 doit
380 4314 498 4378 eeevoir
521 4335 574 4398 per
595 4314 815 4380 l'iniorrnation
838 4317 909 4399 qu’ii
926 4337 943 4380 n
959 4317 1013 4380 dee
1030 4317 1151 4380 affaires
1165 4317 1205 4379 de
1222 4317 1249 4378 le
1266 4318 1330 4399 pais
1346 4316 1374 4378 ir
1390 4319 1495 4400 quein

296 4422 401 4488 snretd
423 4443 461 4486 ou
485 4423 510 4485 ia
532 4424 689 4504 gnernntie
713 4423 767 4486 des
788 4425 914 4488 libertis
938 4423 1134 4508 temporedee
1157 4429 1192 4487 et
1206 4423 1388 4506 spinmere·
1403 4424 1447 4486 de
1461 4443 1497 4488 ee

297 4531 447 4613 noyaume
464 4529 583 4613 depend
601 4531 639 4595 du
655 4531 901 4597 retnbiiseernent
911 4531 952 4597 de
962 4531 997 4597 V.
1010 4533 1046 4596 Α.
1059 4531 1092 4596 S.
1110 4547 1171 4616 qne
1185 4531 1212 4594 ri
1228 4547 1267 4594 en
1278 4532 1413 4594 reneeira
1423 4531 1497 4596 dens
