3117 5084
296 349 373 422 tlt

292 523 402 590 Pacem
419 521 600 586 Generalem
616 519 784 583 solenniter
800 514 919 601 includi
929 514 1094 599 potuerint,
1110 511 1150 576 Et
1165 509 1299 594 quamuis
1314 507 1383 591 Ego
1400 505 1493 570 adbuc

292 641 353 699 tam
368 631 517 698 secundas
534 630 570 694 ab
587 628 850 694 Excellentissimo
862 626 988 688 Domino
1001 625 1150 707 Supremo
1161 620 1306 685 Geuerali
1322 619 1495 682 etlam-

292 745 418 808 tenente
445 757 639 823 acceperam,
667 742 768 801 tamen
792 737 855 818 jana
885 735 979 799 sciam
1005 731 1151 796 Bruininx
1178 728 1346 793 Serenitati
1369 723 1497 789 vetrae

294 851 454 936 scripsisse
481 848 625 913 Domiaos
653 864 723 909 suos
751 843 1009 907 clementissimos
1041 857 1186 924 nuperum
1215 855 1299 902 suam
1330 835 1498 920 Epistola

294 955 479 1043 approbasse
492 956 606 1019 idcirco
618 959 651 1016 ut
663 953 720 1016 alia
731 950 847 1014 inlinita
856 955 1032 1033 argumenta
1041 952 1073 1012 et
1080 946 1360 1012 usnemu-aiones
1371 950 1499 1014 taceam,

295 1066 401 1134 Eidem
422 1063 548 1130 Domino
570 1061 765 1127 Pensionario
795 1059 939 1143 replicavi
965 1057 1004 1120 ad
1027 1057 1231 1122 serenitatem
1254 1055 1397 1118 Vestram
1419 1051 1501 1134 naga

296 1177 504 1241 transmissam
526 1172 563 1236 ad
577 1171 721 1235 Bruininx
737 1169 982 1253 impertinentem
996 1165 1163 1250 Epistulam
1177 1163 1299 1234 tradidi,
1315 1160 1500 1225 declarando

297 1305 370 1350 suae
389 1283 595 1348 Excellentiae
619 1299 668 1342 me
687 1284 813 1342 eatenus
830 1277 951 1340 nomine
970 1274 1153 1340 serenitatis
1165 1273 1243 1337 Vrac
1260 1271 1327 1336 bl).
1348 1271 1419 1335 00.
1438 1269 1501 1333 GG.
1551 1288 1552 1293 ¹

297 1399 428 1458 mentem
450 1390 591 1454 lubenter
618 1388 699 1452 scire
719 1387 800 1450 velle
826 1404 883 1469 pro
906 1384 1079 1448 Eamndem
1097 1380 1343 1448 ussermannus
1372 1379 1504 1442 demisse

297 1502 422 1571 instare,
440 1517 516 1583 quae
532 1495 558 1560 si
570 1498 652 1579 justa
669 1493 884 1558 subsecutione
899 1511 960 1555 uon
977 1492 1047 1563 sint,
1063 1507 1112 1553 me
1127 1494 1281 1574 protestor
1297 1489 1503 1551 Serenitaten

298 1611 437 1676 Vestram
453 1625 521 1672 cum
536 1605 644 1669 Turcis
661 1603 885 1686 colligationem
899 1601 1039 1665 inituram
1053 1605 1085 1662 et
1099 1602 1207 1682 expost
1222 1595 1260 1660 ad
1274 1598 1355 1661 tales
1368 1599 1416 1660 uti
1430 1615 1505 1660 nune

299 1719 427 1805 proponi
444 1720 540 1787 curet,
557 1714 744 1780 conditiones
760 1714 870 1776 Pacem
885 1726 1037 1794 uunquam
1052 1709 1203 1780 inituram,
1219 1708 1355 1772 ultimum
1372 1705 1505 1791 denique

299 1847 368 1892 esse
394 1825 533 1890 allectum
550 1843 638 1907 quern
654 1821 719 1886 llll.
738 1820 805 1885 00.
822 1820 889 1884 GG.
907 1817 1041 1903 Principi
1063 1816 1219 1882 decimare
1245 1821 1398 1900 possunt,
1430 1835 1505 1886 eun,

299 1941 334 2000 ut
362 1933 505 1998 videlicet
531 1935 685 2016 promptas
712 1933 744 1994 et
773 1928 923 1993 infucatas
951 1929 1072 1992 sincere
1100 1925 1259 1990 extradent
1280 1922 1506 1990 Resolutiones

302 2043 414 2108 Fateor
436 2059 548 2104 summa
571 2057 637 2103 cunr
662 2037 861 2101 admiratione
882 2041 914 2100 et
930 2035 1114 2100 Confusione
1129 2032 1272 2119 cupiebat
1285 2033 1365 2097 haee
1381 2033 1507 2098 Pensio·

300 2152 401 2214 narius
425 2154 457 2213 et
477 2149 573 2232 primo
598 2147 717 2231 quidem
739 2145 872 2229 negabat
886 2145 1046 2210 Dominum
1067 2144 1213 2208 Bruininx
1234 2147 1365 2206 eatenus
1386 2141 1506 2226 aliquod

302 2258 434 2343 speciale
448 2256 591 2321 habuisse
607 2254 849 2339 al‘rineipalibus
870 2255 933 2318 suis
947 2252 1128 2324 mandatum,
1143 2253 1204 2314 imo
1220 2250 1302 2315 scire
1315 2269 1353 2314 se
1372 2251 1506 2333 rescrip-

301 2375 363 2433 tum
378 2367 436 2452 ipsi
453 2384 575 2450 semper
594 2365 687 2429 lauisse
712 2369 745 2428 ut
766 2364 899 2446 negotiis
920 2359 1101 2445 Hungariois
1121 2362 1202 2426 serio
1225 2361 1383 2444 invigilet,
1404 2377 1507 2423 vernn

303 2478 423 2563 quidem
454 2477 514 2540 boe
536 2493 605 2538 esse
628 2493 695 2538 emn
725 2477 851 2538 eatenus
872 2473 1123 2556 l’lenipoteatiara
1148 2470 1279 2541 babere,
1299 2475 1334 2534 ut
1358 2469 1507 2554 siquiden

302 2586 378 2650 haec
403 2584 525 2667 negotia
547 2582 651 2647 dissita
672 2583 733 2646 sint
750 2586 782 2645 et
798 2581 864 2645 ΠΙ).
883 2581 950 2646 00.
971 2585 1097 2644 eatenus
1116 2579 1281 2664 plenariam
1297 2598 1360 2643 non
1377 2580 1508 2644 habeant

304 2693 559 2764 informationem,
583 2692 614 2754 id
636 2696 707 2774 agat
729 2690 809 2774 quod
824 2690 943 2754 Patriae
959 2705 1032 2754 suae
1055 2691 1221 2772 proximum
1237 2709 1307 2752 esse
1329 2686 1507 2753 crediderit

303 2801 387 2866 liano
408 2801 574 2883 Epistulam
594 2799 696 2863 lorsan
718 2817 755 2861 ex
776 2798 834 2862 bac
855 2799 1010 2863 Potestate
1031 2799 1173 2882 scriptam
1194 2798 1307 2869 tuisse,
1334 2805 1508 2862 curaturum

305 2917 405 2974 tamen
427 2927 461 2970 se
475 2914 509 2971 ut
525 2913 556 2971 et
567 2907 674 2970 Eidem
688 2908 779 2971 lectio
796 2906 875 2970 bona
890 2907 1109 2990 perscribatur,
1125 2907 1204 2991 quod
1220 2913 1280 2970 tam
1295 2905 1402 2970 arduis
1417 2906 1509 2970 rebus

306 3032 414 3082 nomen
436 3016 631 3081 Dominomm
653 3033 775 3080 suorum
796 3015 926 3079 mutuari
951 3020 1132 3098 praesumat.
1161 3014 1362 3080 Contiauabat
1384 3015 1508 3080 libeur-

305 3144 369 3190 sum
399 3125 463 3190 DD.
486 3123 552 3190 00.
573 3125 647 3188 nibil
676 3126 854 3189 intentatum
879 3124 1041 3190 relicturos
1067 3125 1104 3188 ad
1132 3124 1352 3209 disponendum
1372 3126 1508 3210 impera-

304 3240 401 3299 torem
423 3253 481 3318 quo
497 3234 708 3298 mediationem
723 3233 895 3299 Eorundem
915 3239 1100 3307 reassumat,
1121 3236 1273 3319 eliquatus
1287 3235 1321 3298 id
1336 3242 1509 3299 mesrsatun

306 3343 399 3409 fuisse
422 3349 454 3408 et
473 3344 540 3408 uu.
563 3343 630 3410 00.
651 3361 732 3408 nuno
759 3345 791 3407 iu
814 3362 852 3408 eo
874 3345 961 3408 Statu
989 3359 1049 3408 nou
1077 3363 1163 3416 esse,
1195 3350 1230 3408 ut
1252 3343 1431 3428 Principem
1453 3343 1509 3407 sibi

305 3452 436 3516 alliatum
458 3451 545 3515 modo
568 3455 673 3534 aperte
697 3451 884 3535 disgustent,
903 3452 993 3534 eujus
1009 3452 1139 3516 amicitia
1155 3453 1282 3516 colenda
1295 3452 1508 3517 Hollandicm

305 3559 480 3622 modernum
502 3560 654 3623 interesse
678 3561 756 3623 omni
778 3560 868 3624 modo
883 3561 1005 3633 suadet,
1027 3577 1085 3625 nec
1106 3560 1213 3626 videre
1233 3581 1268 3626 se
1290 3561 1436 3645 quidnam
1454 3581 1509 3645 per

306 3667 485 3733 sufficientia
508 3674 540 3734 et
561 3671 695 3753 putentia
711 3671 762 3733 illa
777 3669 875 3733 media
896 3671 1108 3752 intelligamus.
1131 3669 1286 3754 llesponffi
1300 3671 1509 3734 Serenitatm

307 3777 446 3842 Vestram
477 3783 602 3841 eatenus
632 3778 707 3842 nihil
734 3777 950 3860 praescribere
977 3773 1072 3849 aelle,
1103 3779 1159 3842 sed
1185 3795 1311 3860 sperare
1343 3779 1412 3842 ol).
1440 3779 1506 3843 00.

303 3885 441 3970 justitiae
461 3890 651 3967 protectores
671 3896 731 3950 ceu
759 3886 929 3950 Potentiam
950 3883 1021 3950 olim
1042 3883 1331 3950 anuescente
1347 3885 1507 3951 obnoxiam

308 3993 438 4078 denique
461 3994 623 4058 secundum
645 3996 792 4078 promissa
814 4009 868 4059 saa
883 3995 1075 4079 expedientia
1089 3996 1160 4060 talia
1175 3995 1409 4076 adjuventuros,
1431 4015 1507 4081 quae

306 4102 497 4168 difficultates
525 4103 562 4167 ab
590 4103 731 4188 utrinque
759 4104 914 4168 ablaturae
935 4109 967 4168 et
989 4106 1232 4188 complanatume
1256 4104 1326 4168 siut.
1367 4104 1505 4169 insensi-

306 4211 409 4278 biliter
430 4211 466 4276 ab
488 4211 546 4274 laoo
571 4211 707 4276 ‹liseursu
729 4213 848 4277 torrido
871 4213 1046 4277 devenimus
1067 4211 1105 4276 ad
1126 4212 1233 4277 foedus
1248 4213 1424 4294 ilungariae
1438 4233 1505 4276 can

308 4319 405 4390 Gallo,
419 4317 468 4382 ubi
479 4319 692 4384 Peusionarius
705 4321 969 4403 argumentabatur
979 4339 1015 4384 se
1026 4325 1184 4403 suspectos
1196 4319 1369 4384 reddituros
1380 4322 1505 4385 llollan·

308 4429 362 4492 dos
378 4427 404 4492 si
420 4427 513 4492 alliati
525 4427 633 4493 Gallici
650 4447 768 4494 eausam
781 4435 891 4512 aperta
906 4445 1085 4513 promerere
1097 4428 1309 4501 sustinorerint,
1324 4431 1504 4512 praesertm

308 4535 377 4599 dum
399 4535 455 4601 toti
471 4537 645 4602 Hollandiae
668 4541 788 4602 constet
803 4537 967 4602 Serenitati
984 4538 1110 4601 Vestrae
1122 4536 1234 4600 iterium
1248 4540 1282 4616 ᾗ
1295 4535 1504 4602 dommum
