3117 5084
1238 345 1290 417 aa

91 542 109 585 a
132 520 348 587 Praesentibus
373 522 453 587 Suae
477 522 590 605 Regiae
617 520 784 606 blajestatis
811 522 988 588 Bomssicae
1017 522 1160 587 Primario
1187 522 1291 587 Status

91 629 232 695 Ministro
256 630 287 695 S.
313 632 347 696 ll.
365 631 395 699 d.
420 630 535 696 Comite
559 630 597 694 de
613 630 840 714 Wartenberg,
863 638 896 697 ut
921 639 952 696 ct
975 631 1150 696 Consiliario
1174 630 1290 698 latino,

91 740 224 803 Donum
239 740 359 805 Brroue
381 740 418 804 ab
442 740 526 823 llgen
550 742 773 824 iuterrogatus,
798 739 944 823 Quidnam
968 741 1088 805 nomine
1111 738 1292 805 serenitatis

92 848 173 912 Vnae
190 847 229 913 ad
245 848 471 932 proponendum
486 848 631 919 babeam,
651 849 791 932 reposui:
815 846 866 914 lde
882 850 899 915 t
916 849 1087 914 Seremtate
1103 848 1163 912 Vra
1180 847 1292 911 nullum

91 955 231 1040 speciale
270 956 383 1019 bebere
415 956 610 1028 mandatum,
641 960 853 1042 praeterquam
881 956 927 1029 id,
955 964 987 1021 ut
1019 957 1137 1022 traditis
1165 957 1291 1019 Domino

90 1062 263 1137 Jablonski,
280 1082 357 1148 quae
373 1064 445 1131 milri
461 1066 638 1129 commissae
654 1066 786 1139 fuerant,
796 1065 951 1150 llpistolis‚
966 1064 1111 1147 Ejusdem
1126 1062 1292 1128 manuduc-

91 1172 170 1239 tioui
187 1192 236 1235 me
251 1173 490 1244 accommodem.
515 1194 551 1239 ac
572 1173 599 1237 si
616 1174 656 1237 ita
671 1174 766 1238 nisum
783 1174 893 1245 luerit,
910 1172 1046 1237 Eundem
1062 1175 1092 1237 in
1110 1170 1292 1236 llollandiam

93 1283 234 1347 comiter.
275 1281 411 1347 Credere
437 1301 487 1347 me
508 1286 607 1347 tamen
631 1282 729 1346 Duum
752 1280 909 1346 iablonski
933 1281 1090 1345 Desideria
1112 1280 1293 1344 serenitatis

94 1390 177 1455 Vrse
200 1389 365 1457 secundum
381 1390 610 1457 lustruetionem
633 1409 717 1454 suam
735 1392 799 1473 janu
821 1390 1003 1454 declarasse.
1037 1388 1112 1471 Quia
1127 1407 1200 1453 uero
1216 1389 1293 1451 alte·

92 1499 206 1563 titulati
222 1498 350 1563 Ministri
366 1498 446 1563 varia
461 1498 620 1581 signanter
635 1497 673 1563 de
688 1497 842 1565 modernis
857 1498 1038 1563 Serenitatis
1054 1498 1133 1563 Vrae
1156 1496 1189 1559 in
1209 1497 1294 1559 Hun-

93 1608 182 1690 garia
197 1613 230 1671 et
244 1608 473 1691 'l'ranssplraniu
488 1606 602 1671 uiribus
619 1626 676 1671 nee
691 1607 789 1671 minos
803 1607 842 1671 de
858 1610 937 1671 statu
953 1606 1140 1689 Religionum
1152 1606 1294 1686 Evange-

93 1715 222 1781 lieamun
236 1714 509 1799 percontabanbrr;
526 1718 624 1781 Alacri
649 1716 761 1800 arripui
785 1716 883 1779 anirum
903 1715 1092 1779 occasionem
1115 1714 1212 1783 bano,
1236 1730 1295 1796 que

93 1826 218 1889 sineere
233 1825 342 1896 omnia,
356 1843 433 1908 quae
449 1824 604 1909 humusque
620 1825 651 1889 in
665 1825 817 1907 Hungaria
833 1829 899 1888 actu
914 1828 1002 1895 amnt,
1024 1823 1054 1886 in
1070 1827 1211 1907 quantum
1223 1818 1295 1883 mibi

94 1931 294 2003 comtabant,
321 1933 467 2007 indicam
492 1932 637 2017 Imprimis
653 1952 726 1997 vero
750 1932 811 1997 Eos
834 1951 852 1995 a
874 1930 1061 2016 praejudicio
1084 1930 1136 1994 illo
1164 1928 1296 1993 liberare

95 2040 213 2107 intendi
226 2041 431 2105 Montanorum
446 2042 646 2113 amissionem,
664 2060 724 2107 non
740 2041 780 2105 ita
797 2062 848 2105 res
860 2039 1146 2105 confoederatorum
1159 2038 1296 2101 Statuum

96 2168 257 2219 enervare,
270 2150 369 2232 prouti
382 2168 433 2212 eas
447 2148 613 2213 Caesareus
626 2155 676 2213 aut
691 2147 811 2232 publica
822 2148 913 2212 Fama
928 2168 984 2232 per
999 2147 1029 2211 id
1045 2150 1212 2231 prostratas
1227 2161 1296 2208 esse

96 2258 211 2323 uolunt„
229 2258 276 2321 lle
293 2256 482 2339 Evangeliois
497 2258 630 2341 reposui,
646 2276 703 2341 per
715 2257 968 2340 Suetaeuyensem
983 2254 1171 2320 amicabilem
1179 2251 1297 2317 'lmus-

96 2368 259 2436 aetionem
271 2366 358 2448 cujus
371 2365 505 2431 oculatus
516 2366 617 2431 Testis
631 2368 756 2439 l'ueram,
772 2365 853 2429 inter
863 2363 1037 2430 Catholieos
1047 2362 1297 2444 etlirangelicoa

97 2474 180 2559 quod
196 2474 321 2537 maxime
338 2472 502 2539 Serenitati
509 2474 587 2539 Vrae
603 2474 734 2541 adscribi
751 2472 872 2545 debeat,
889 2472 926 2537 ad
941 2473 1047 2538 barren
1061 2470 1298 2535 aafisbetioneru

97 2588 283 2649 conventum
298 2602 377 2647 esse.

192 2689 284 2755 Facta
305 2690 396 2751 etiam
419 2693 467 2753 est
489 2688 528 2752 de
543 2689 762 2758 Sureniss'mrue
778 2706 849 2754 sero
864 2689 973 2755 lleditu
988 2687 1112 2757 mentio,
1128 2704 1216 2771 qurum
1233 2684 1299 2767 ligo

94 2799 233 2882 jamjam
250 2796 449 2862 discessuram
470 2796 628 2882 spopondi.
658 2798 705 2863 De
723 2798 823 2863 Tureu
844 2796 922 2862 dixi:
950 2796 1154 2862 serenitatem
1178 2792 1299 2877 quidem

97 2908 191 2973 Vram
214 2906 305 2971 abiis
329 2905 488 2989 aliquoties
510 2904 701 2971 sollicitatam
724 2926 795 2973 esse
817 2910 850 2971 et
872 2903 970 2969 adlruc
993 2915 1062 2967 num
1079 2904 1117 2967 ad
1139 2901 1299 2966 ineundum

97 3014 222 3080 Foedus
237 3015 366 3086 invitari,
383 3013 573 3079 nihilomiuus
589 3033 648 3077 non
664 3012 841 3099 praebuisse
857 3013 904 3077 bls
919 3012 1066 3097 speciosis
1082 3012 1157 3075 licet
1171 3010 1299 3075 oblatio-

101 3123 192 3187 nibus
208 3142 322 3192 aurem,
339 3121 454 3187 acideo
467 3122 556 3187 maun
569 3142 640 3185 uum
650 3122 855 3187 serenitatem
863 3120 963 3190 vrum,
975 3120 1147 3204 priusquam
1159 3116 1197 3181 ad
1209 3136 1300 3181 nonas

100 3230 315 3316 progrediatur
331 3230 558 3312 Colliqatr‘ones,
587 3249 644 3293 nec
670 3229 749 3295 buuc
764 3228 845 3297 velle
858 3229 1036 3293 intentatum
1050 3227 1154 3291 sinere
1170 3242 1300 3309 passum,

100 3338 157 3403 sed
180 3338 217 3401 ad
233 3338 385 3403 Potentius
401 3338 608 3403 Protestuutes
631 3351 793 3401 recurrere
816 3342 916 3403 utrum
938 3334 1138 3400 mediantibus
1162 3334 1199 3397 iis
1215 3334 1300 3397 llun-

102 3448 207 3529 gariae
219 3444 718 3528 et'l'ransspluaniaePacatioribus
731 3445 839 3509 ltlediis
854 3442 1072 3510 aeoommodari
1090 3445 1218 3526 queant:
1235 3440 1307 3504 Uno·

103 3574 219 3637 ergore
235 3574 289 3617 ore
304 3554 493 3625 conclusere,
506 3552 709 3617 Severitatem
717 3553 807 3618 Vram
819 3554 902 3636 justa
916 3558 950 3617 et
964 3570 1061 3635 aequa
1072 3555 1191 3634 petere,
1202 3550 1302 3613 Suan-

103 3663 270 3745 gelicarum
282 3662 485 3727 Potentiarum
497 3662 649 3727 Interesse
666 3662 836 3746 requirere,
847 3668 882 3725 ut
891 3659 1122 3743 Transsylrania
1135 3657 1303 3722 Serenitati

104 3772 184 3835 Vrae
207 3791 243 3834 ao
266 3771 494 3837 Confoederatis
517 3770 653 3835 Statibus
676 3790 730 3835 sua
753 3769 893 3833 lribertas
916 3775 1087 3841 asser-atum
1111 3767 1150 3831 Et
1165 3763 1303 3849 quondo-

106 3876 227 3965 quidem
242 3879 316 3944 rlula
332 3880 508 3951 borussiae,
534 3879 583 3943 oui
599 3898 678 3943 nuno
694 3878 733 3942 ob
750 3878 898 3943 Ducutum
912 3875 1167 3960 lllegapolitamuu
1182 3880 1214 3936 et
1229 3873 1302 3937 alias

104 3990 238 4054 rationes
263 4006 331 4053 cum
345 3987 529 4071 Imperatore
553 4006 613 4051 non
635 3986 709 4051 adeo
734 3986 815 4053 bene
831 3986 1007 4055 conveniat,
1031 4003 1107 4068 opus
1122 3982 1182 4045 boc
1196 3988 1303 4065 aperte
1327 4050 1330 4053 ,

104 4116 219 4179 urgere
244 4102 392 4181 nequeat,
416 4101 516 4164 tamen
538 4098 654 4177 Regem
679 4095 799 4161 occulta
819 4093 1009 4178 undiquaque
1035 4091 1142 4157 officiis
1164 4091 1228 4155 auis
1244 4109 1304 4153 uon

106 4205 295 4277 defuturum,
316 4205 362 4267 De
378 4204 508 4267 ineundo
528 4223 585 4289 per
601 4204 698 4267 Duum
713 4201 870 4267 dabloualri
885 4202 1007 4275 itinere,
1023 4198 1239 4265 nonobstante
1254 4216 1303 4266 eu,

106 4314 186 4400 quod
210 4313 240 4376 id
265 4332 324 4395 ego
347 4330 460 4377 summe
484 4331 626 4395 urgerem
653 4331 689 4375 ao
716 4316 860 4377 oretenus
883 4311 976 4374 multo
1003 4310 1104 4394 plura,
1133 4325 1220 4391 quam
1246 4325 1304 4390 per

106 4424 211 4485 literas
223 4420 355 4483 obtineri
370 4440 471 4503 posse,
488 4423 750 4503 representarcm,
766 4418 942 4483 Resolutum
957 4416 1029 4481 luit:
1051 4416 1119 4481 Non
1133 4413 1230 4479 uidem
1245 4412 1304 4477 hoc

107 4535 296 4601 consuetum,
320 4529 375 4591 sed
399 4534 431 4593 ut
447 4528 619 4613 compendit
636 4548 724 4593 causa
740 4528 777 4593 ad
793 4525 969 4595 lucrandum
985 4532 1121 4609 tempus.
1144 4523 1251 4589 literae
1266 4522 1304 4586 ad
