3117 5084
310 357 389 429 452

309 534 353 598 ies
369 532 489 598 affeires
505 532 545 598 de
561 537 612 598 eet
623 533 784 618 fleynume,
801 552 877 597 rens
895 536 1035 597 asserant
1047 532 1117 597 Sire
1135 549 1194 617 que
1210 530 1519 597 inreeennoissenee

310 662 368 726 qne
385 646 435 706 eet
450 641 516 725 peis
532 662 606 705 vens
627 640 691 707 deit
713 660 783 705 sere
810 639 932 724 teujour
948 640 1092 724 enrisege
1113 659 1169 725 per
1190 660 1259 725 moy
1275 638 1421 724 pandent
1437 644 1519 703 tone

308 751 336 813 le
352 750 506 815 eendnitte
528 749 582 815 des
607 769 658 814 ees
672 750 817 824 interets.
843 770 916 815 even
939 770 979 813 nn
1001 751 1146 815 attention
1168 754 1232 813 tres
1255 748 1460 834 pnrtienlier.
1483 766 1517 809 en

309 864 374 921 sert
389 857 466 943 qu'il
482 878 521 923 ne
537 878 585 921 me
601 862 666 923 rest
681 858 749 922 rien
773 878 832 943 qne
853 858 892 921 de
908 858 992 943 prier
1006 858 1085 923 Dien
1100 878 1177 944 pour
1198 858 1227 923 ia
1243 856 1468 922 consen-ration
1484 855 1517 919 ie

307 968 335 1030 ln
351 987 504 1052 personne
525 969 634 1031 saerbe
659 965 697 1030 de
718 972 821 1031 vostre
845 967 993 1050 biejestee
1018 973 1051 1030 et
1072 966 1148 1051 qn‘il
1171 966 1249 1031 veuil
1273 965 1451 1049 multiplier
1470 984 1517 1028 ser

306 1075 450 1140 victoires
472 1081 578 1139 contre
599 1074 750 1139 l'ennemi
774 1094 922 1140 commun.
948 1075 1017 1140 Sire
1040 1076 1078 1139 de
1100 1079 1201 1140 vostre
1223 1073 1379 1157 Mejestte
1403 1074 1436 1137 le
1459 1081 1515 1137 tier

306 1183 428 1248 bumble
453 1191 484 1247 et
507 1190 572 1248 tres
594 1184 711 1249 (berone
733 1184 885 1250 servitenr
908 1185 938 1248 le
960 1184 1069 1249 Prinne
1093 1183 1225 1249 nakoezi
1246 1188 1280 1248 et
1301 1183 1344 1247 de
1368 1182 1514 1265 Tremi-

311 1293 396 1357 renie
412 1312 450 1356 m.
468 1314 498 1377 p.
523 1293 632 1357 bonne
648 1313 665 1357 e
680 1293 773 1377 Agrie
791 1312 827 1357 ee
844 1294 872 1357 ie
891 1294 933 1358 17
950 1293 989 1357 de
1005 1294 1105 1357 Merse
1123 1292 1221 1358 1705.

344 1413 576 1487 (Bigenbtndiges
590 1416 735 1491 Origini.)

894 1620 924 1681 9.

478 1760 703 1827 Sebreiben
725 1758 936 1846 Ribbezy's
959 1780 1003 1823 en
1025 1760 1061 1823 K.
1079 1757 1241 1841 Ludwig
1256 1756 1337 1823 xiv.

624 1904 924 1992 Veresegyher,
943 1905 975 1971 8.
991 1904 1069 1972 iuli
1087 1905 1184 1971 1705.

398 2052 485 2115 Siret
503 2050 585 2115 [ιόο
597 2071 635 2114 ne
647 2051 779 2117 seenreit
796 2056 878 2115 estre
894 2052 962 2136 plus
978 2052 1113 2115 sensibie
1129 2072 1184 2115 aux
1200 2050 1334 2116 bontees
1351 2056 1387 2115 et
1404 2068 1511 2135 greces

306 2179 365 2243 qne
385 2160 422 2225 Je
446 2160 507 2225 sris
530 2160 600 2224 Sine
621 2180 638 2223 ο
662 2161 740 2226 selle
757 2160 835 2245 qn'ii
853 2182 870 2223 ο
885 2162 936 2244 plu
953 2181 969 2224 a
987 2161 1097 2226 Vestre
1111 2160 1239 2245 Mejeste
1256 2160 1387 2245 Royelie
1414 2160 1455 2225 de
1469 2178 1510 2222 ise

305 2268 487 2332 themoinier
507 2289 562 2354 per
582 2268 639 2334 nn.
663 2269 718 2335 des
739 2270 867 2341 Allenrs,
898 2270 941 2333 Le
963 2268 1147 2334 declaration
1175 2268 1252 2355 qn'il
1280 2268 1370 2333 vient
1402 2269 1442 2333 de
1468 2286 1509 2331 ine

304 2376 422 2441 donner
443 2377 560 2443 suivant
586 2400 640 2443 ros
673 2378 780 2443 ordres
803 2377 858 2443 des
882 2378 1064 2443 resolutioris
1088 2378 1197 2462 dignes
1222 2377 1262 2441 de
1283 2382 1396 2441 vostre
1423 2396 1510 2442 eoenr

304 2487 396 2570 Royel
412 2492 443 2551 et
460 2488 627 2571 Heroiqne.
652 2508 727 2553 aree
747 2488 793 2551 ies
818 2488 1055 2570 augmentatione
1080 2488 1133 2553 des
1150 2486 1301 2559 subsides,
1318 2507 1379 2551 eux
1398 2487 1509 2573 quoties

303 2598 408 2660 vostre
423 2596 601 2676 generosite
618 2597 767 2661 naturelle
789 2616 862 2661 vous
878 2597 1000 2682 aperte
1017 2596 1102 2670 Sire,
1120 2600 1190 2660 sont
1204 2594 1440 2661 eiieetivement
1459 2595 1507 2658 des

304 2722 445 2787 marques
460 2704 487 2766 si
503 2704 600 2769 fortes
616 2704 655 2768 de
670 2712 773 2771 vostre
790 2704 999 2789 benignitees,
1023 2724 1082 2791 qne
1097 2705 1135 2771 Je
1151 2710 1256 2769 trouve
1271 2724 1338 2767 mes
1355 2704 1505 2790 peineset

304 2818 427 2875 travnux
448 2811 586 2876 d’eutnnt
609 2813 677 2896 pins
693 2813 821 2887 denees,
845 2812 938 2897 qu'ils
960 2818 1031 2878 sont
1054 2815 1122 2879 este
1138 2811 1282 2896 capables
1299 2812 1338 2877 de
1355 2812 1502 2877 m’attire

305 2940 361 3004 per
383 2916 616 2985 ees'sentimens
639 2920 678 2985 de
696 2922 805 2987 Vostre
822 2920 950 3004 Majeste
966 2922 1079 3007 Reyele
1102 2922 1157 2986 des
1178 2923 1352 3005 Avantages
1382 2922 1409 2985 si
1437 2940 1501 2986 οοο·

308 3028 491 3104 siderables;
515 3030 554 3095 Je
574 3031 716 3116 tncberny
733 3030 803 3094 Sire
822 3031 861 3096 de
881 3031 920 3094 το·
930 3053 968 3096 en
992 3032 1104 3095 rendre
1128 3032 1208 3097 aussi
1230 3032 1341 3114 digne,
1360 3052 1421 3117 que
1435 3033 1500 3113 Μ

305 3138 400 3202 esteis
414 3139 528 3202 berenx
544 3139 583 3203 de
598 3140 643 3204 les
659 3140 791 3224 aquerin
808 3160 846 3203 en
861 3141 973 3206 faisant
987 3142 1147 3225 envisager
1162 3144 1264 3204 eutem
1279 3139 1360 3225 qu'ii
1376 3158 1500 3204 mesen

306 3246 440 3329 possible
455 3268 473 3310 a
488 3250 554 3310 tent
573 3266 621 3311 me
642 3248 739 3333 patrie
762 3268 813 3313 ses
837 3247 999 3313 veritebles
1022 3248 1161 3321 interets,
1177 3252 1208 3311 et
1224 3245 1442 3333 d'empleyeer
1462 3248 1501 3311 ie

305 3356 395 3419 dittes
412 3355 552 3421 subsides
568 3375 645 3440 pour
659 3376 808 3441 procurer
822 3378 873 3423 ses
890 3362 1061 3441 evantnges
1079 3363 1110 3421 et
1121 3356 1370 3423 serventVostre
1383 3355 1501 3441 trajane

305 3464 416 3547 Royele
432 3484 508 3529 aree
520 3466 551 3529 ie
567 3485 680 3531 mesme
696 3467 762 3531 zele
778 3486 837 3552 que
852 3465 927 3549 J'ay
941 3466 1055 3531 teebeit
1070 3466 1109 3530 de
1125 3466 1199 3531 faire
1209 3465 1323 3550 jusque
1341 3471 1499 3551 spreuit

305 3578 337 3637 et
351 3574 468 3638 evirant
482 3594 542 3659 qne
557 3575 615 3640 bir.
633 3575 688 3639 des
702 3576 822 3640 Alieurs
839 3576 945 3663 comte
961 3576 999 3641 de
1017 3574 1211 3661 clinchamp,
1234 3574 1308 3639 dent
1323 3574 1356 3639 ie
1372 3575 1500 3661 eapedti

306 3687 339 3747 et
353 3682 503 3767 pretende
516 3685 698 3768 experienee
710 3683 749 3747 ιε’
759 3684 827 3748 eide
843 3705 881 3749 en
893 3689 968 3758 tout,
981 3705 1076 3771 poure
1087 3684 1154 3768 pius
1166 3685 1351 3767 emplement
1362 3686 1500 3749 infamer

304 3791 414 3858 Vestre
430 3791 557 3874 Majeste
573 3794 693 3876 Royele.
720 3793 843 3859 Comme
860 3795 1032 3879 cependent
1049 3814 1159 3879 enpren
1175 3794 1203 3859 le
1220 3799 1300 3857 mort
1315 3793 1357 3857 de
1372 3793 1499 3878 ΙῈοψε-

304 3920 378 3965 reni·
393 3901 423 3964 ie
440 3900 503 3983 Rey
524 3900 563 3965 de
577 3901 716 3967 Remeins
740 3902 858 3967 semble
875 3890 992 3967 venioir
1006 3907 1173 3987 promettre
1190 3924 1207 3965 a
1223 3902 1252 3965 Ιο
1267 3902 1373 3965 nebien
1388 3908 1456 3967 tent
1469 3920 1498 3965 ee
1542 3940 1543 3943 =

306 4009 419 4095 qn'elte
433 4015 507 4095 pent
522 4010 650 4085 desirer,
667 4010 713 4075 les
730 4013 944 4096 eenjenetures
962 4012 1131 4096 paroissent
1152 4008 1191 4073 m‘
1199 4010 1318 4093 obliger
1342 4032 1360 4075 a
1376 4014 1459 4077 tenir
1475 4012 1498 4074 ie

304 4118 399 4182 diette
416 4117 545 4183 Genera}
568 4140 644 4203 pour
660 4121 780 4185 seeveir
796 4121 841 4185 les
857 4120 1022 4185 intentione
1039 4118 1094 4183 des
1109 4120 1205 4184 ntae.
1237 4119 1260 4181 ll
1277 4122 1325 4182 est
1350 4138 1426 4203 my
1447 4138 1496 4205 qu

303 4228 342 4291 ie
366 4227 463 4291 senoit
482 4228 687 4293 inconsolabie
717 4229 742 4293 si
772 4234 855 4294 cette
877 4229 1076 4295 convocation
1097 4226 1282 4313 produisseit
1309 4226 1366 4293 des
1396 4229 1497 4293 effere

305 4336 472 4400 contraires
498 4356 553 4399 eux
580 4336 744 4402 intentione
771 4356 830 4422 que
852 4336 925 4421 J'ny
954 4338 992 4401 de
1020 4337 1092 4401 bien
1113 4335 1261 4419 emplojer
1287 4335 1333 4399 ies
1361 4336 1496 4403 subsides
1542 4370 1544 4419 ι

305 4442 421 4528 qu'elie
442 4442 507 4509 m’a
529 4445 619 4511 ronlu
641 4445 804 4518 accendes,
838 4446 1009 4531 cependent
1024 4446 1134 4511 vostre
1150 4443 1279 4528 Mejeste
1293 4444 1409 4529 Rnynte
1432 4451 1496 4531 pent

305 4555 388 4614 estre
404 4555 509 4618 nesure
524 4574 584 4639 qne
599 4554 637 4619 Je
653 4555 698 4619 ies
714 4575 899 4642 menegerny
922 4556 947 4619 si
964 4554 1034 4619 bien
1050 4575 1088 4619 en
1104 4554 1229 4619 inissent
1245 4572 1284 4615 un
1300 4552 1398 4637 partie
1416 4560 1495 4619 erne
