3117 5084
1192 322 1268 396 133

161 495 275 560 Sexto
285 541 295 568 ,
306 493 373 559 Jam
389 494 547 560 inchoatae
562 496 707 563 Politicae
724 504 756 564 et
771 497 953 583 spirituales
964 498 1198 564 Persecutioaes
1215 520 1272 585 per

66 622 159 691 qnam
175 603 321 690 energiae
337 608 368 669 et
383 603 409 670 ei
425 603 543 670 demum
560 605 701 672 adhibitis
718 607 855 673 omnibus
870 613 931 672 tam
946 607 1078 693 politicis
1094 627 1182 693 quam
1194 629 1270 674 con-

64 713 217 778 scientiae
241 713 426 797 argumentis
449 713 546 778 media
570 714 607 780 ab
623 715 739 782 Alliatis
761 736 817 781 nos
834 715 959 800 juvandi
974 735 1033 780 nou
1049 716 1269 792 invenirentur,

64 821 205 886 Tandem
226 826 411 906 proponatur
430 823 692 888 Recommendalio
710 823 826 889 Causae
848 830 970 889 nostrae
987 823 1083 890 Craro
1099 825 1273 891 Moscoriao

65 934 96 994 et
111 929 192 1014 Regi
208 929 356 1013 Augusto,
372 931 421 996 cui
437 931 694 1016 adaequatissimis
710 934 862 998 Terminis
879 933 974 998 inseri
996 931 1090 1000 debet
1106 934 1270 1001 declaratio

63 1039 241 1103 Alliatorum
258 1037 324 1104 illos
342 1039 413 1104 nibil
431 1045 536 1106 eontm
553 1061 587 1106 se
603 1045 739 1106 acturum
757 1042 885 1107 Crarnm
901 1047 1106 1128 reputaturus,
1127 1043 1270 1130 quidquid

64 1148 95 1212 in
110 1148 247 1213 favorem
262 1149 359 1213 nostri
375 1148 494 1222 iecerit,
513 1153 564 1214 aut
580 1151 605 1214 si
621 1150 680 1216 boc
697 1170 818 1237 quoque
836 1171 895 1217 non
909 1156 1014 1237 posset
1031 1152 1187 1216 effectuari

159 1257 344 1341 Septimo,
361 1257 392 1321 ln
406 1257 499 1322 forma
512 1259 684 1325 authentica
696 1259 856 1346 expeditae
867 1261 1265 1346 petanturbssecurationes

68 1366 196 1432 Alliatos
216 1363 309 1430 rebus
333 1367 446 1430 nostris
460 1367 492 1429 in
509 1367 704 1456 subsequenti
719 1390 773 1435 suo
789 1375 928 1455 tempore
941 1367 1163 1450 Negotiationis
1178 1369 1264 1434 Pacis

68 1475 256 1540 Universalis
277 1474 402 1539 realiter
426 1476 600 1559 provisuros
624 1477 661 1542 ad
681 1484 812 1543 mentem
827 1479 1011 1543 Punctorum
1031 1477 1119 1542 Pacis
1139 1475 1265 1543 alibrt-

66 1585 200 1672 relyessi
216 1584 247 1647 in
263 1583 410 1648 ultimario
427 1586 648 1670 propositorum
664 1587 694 1651 in
712 1585 939 1672 quibuscunque
965 1585 1103 1651 terminis
1120 1607 1175 1671 pro
1193 1591 1266 1652 tunc

64 1699 228 1758 versentur
244 1692 365 1776 negotia
380 1697 483 1758 nostra
499 1699 531 1758 et
547 1695 636 1760 etiam
652 1696 679 1758 si
691 1695 753 1761 Nos
766 1697 872 1780 Regno
886 1695 1036 1760 excedere
1050 1715 1182 1780 eousque
1194 1715 1269 1761 con-

67 1803 214 1888 tingeret,
230 1801 295 1866 Nec
310 1801 404 1886 igitur

159 1911 317 1984 Octavo,
333 1910 389 1975 Vel
405 1911 530 1976 maxime
546 1912 583 1976 ad
598 1913 700 1977 Aulam
717 1912 907 1978 Borussieam
923 1911 1026 1977 Status
1044 1913 1141 1996 Regni
1157 1913 1269 1977 intrin-

66 2041 157 2087 secus
183 2020 326 2086 celandus
348 2023 412 2092 est,
434 2023 493 2083 tam
516 2025 548 2084 ut
571 2021 706 2086 adhaec
728 2021 917 2086 effectuanda
940 2021 1144 2104 adurgeantur
1158 2022 1269 2095 Alliati,

66 2150 154 2216 quam
171 2135 206 2195 ut
219 2129 398 2215 tempestive
415 2127 591 2193 ultirnariam
607 2148 711 2195 eorum
725 2135 857 2195 mentem
873 2131 989 2196 rescire
1005 2133 1164 2214 possimus.
1192 2133 1270 2199 Pro-

64 2241 158 2306 tectio
172 2239 324 2304 Personae
337 2243 459 2303 nostrae
476 2242 507 2301 et
522 2239 763 2303 assecurationcs
779 2239 950 2304 securitatis
966 2240 1033 2304 sine
1049 2242 1108 2306 ulla
1124 2241 1267 2306 conside·

65 2350 184 2414 ratione
201 2347 392 2434 quaerendae
409 2349 493 2419 sunt,
515 2346 585 2410 binc
611 2347 690 2412 enirn
705 2349 752 2413 vel
770 2349 882 2434 optime
898 2348 1069 2424 illucescet,
1086 2372 1178 2438 aquo
1196 2351 1267 2437 quid

65 2457 152 2522 nobis
178 2456 359 2542 sperandum
385 2455 491 2520 lutaris
515 2475 634 2540 quoque
656 2455 855 2542 Temporibus
882 2463 1040 2542 superest,
1064 2459 1112 2524 vel
1141 2459 1267 2524 maxime

65 2567 242 2632 Reflexione
258 2566 336 2630 iacta

155 2675 280 2747 Nono,
297 2673 342 2738 lid
358 2694 392 2737 ea
409 2692 486 2758 quae
499 2673 573 2736 Aula
584 2674 746 2738 Bonussiea
760 2675 822 2757 jam
838 2675 956 2759 pridem
972 2676 1171 2761 patefecerat,
1192 2696 1267 2742 con·

63 2784 262 2850 tinuationem
277 2783 366 2868 hujus
382 2781 458 2847 belli
479 2801 539 2846 non
556 2782 584 2844 ei
600 2781 748 2865 ingratam
765 2803 846 2856 esse,
864 2803 900 2848 ae
915 2784 1044 2870 proinde
1061 2786 1159 2869 ample
1174 2785 1268 2851 bulas

65 2893 134 2958 buic
151 2890 262 2957 deduci
280 2891 387 2964 debet,
404 2891 476 2954 Eam
494 2908 554 2954 nnn
571 2889 611 2954 ita
627 2890 804 2975 dependere
820 2911 837 2956 a
854 2892 1049 2958 subsistentia
1064 2895 1220 2958 Armorum
1236 2895 1269 2960 in

66 3004 192 3086 Regno,
233 3019 319 3083 quam
348 3019 364 3062 a
392 2999 629 3064 Conservationc
653 3000 806 3064 Personae
834 3009 956 3065 nostrae
993 3007 1025 3067 et
1056 3002 1268 3087 Principalium

67 3108 349 3175 Confoederationis
364 3107 577 3180 biembrorum,
592 3128 718 3192 quorum
734 3109 954 3174 SecurItatibua
970 3111 996 3174 si
1012 3112 1074 3175 ilex
1090 3109 1267 3196 providerit,

66 3237 218 3304 nunquam
239 3218 393 3283 Austriaca
412 3217 542 3303 Tyronis
567 3217 724 3282 Notionem
745 3219 786 3282 ita
814 3219 987 3304 opprimere
1009 3220 1123 3305 poterit
1143 3223 1177 3284 ut
1199 3218 1267 3283 data

66 3328 177 3394 futuris
192 3325 377 3409 temporibus
394 3325 564 3390 Occasione
581 3329 765 3399 annulatur,
783 3326 822 3390 de
837 3327 885 3390 bis
901 3327 1027 3411 proinde

158 3434 336 3506 Decimo,
360 3435 442 3517 Quae
470 3453 526 3518 per
546 3433 622 3498 baec
646 3435 835 3519 exuperando
859 3437 1037 3501 Dexteritati
1065 3438 1096 3499 et
1117 3433 1268 3498 Fidelitati

68 3544 262 3628 Negotiantis
284 3545 507 3608 committuntur
530 3543 693 3628 diligenter
720 3565 775 3609 nos
804 3552 835 3609 et
857 3547 893 3611 ad
918 3546 1022 3611 Aulam
1043 3543 1269 3608 bioscoviticam

68 3653 179 3718 iturum
195 3653 352 3717 Dominum
366 3649 635 3717 Locumtenentem
652 3652 794 3717 Nostrum
810 3654 998 3726 informabit,
1023 3658 1054 3718 et
1073 3653 1119 3718 rel
1141 3652 1267 3717 maxime

69 3764 106 3827 de
122 3764 172 3829 ,lis
187 3783 264 3848 quae
281 3762 318 3827 ad
332 3762 436 3826 Aulam
452 3760 645 3826 Borussicam
663 3763 743 3827 circa
760 3762 962 3827 Securitatem
973 3763 1126 3828 Personae
1137 3762 1267 3828 Nostrae

71 3877 100 3937 et
113 3873 178 3938 Nos
194 3872 458 3957 aequivalentium
475 3869 695 3957 exuperabitur.

161 3981 268 4046 Datum
283 3981 313 4044 in
329 3981 408 4046 Arce
424 3979 547 4064 Ungrar
561 3980 619 4044 Die
636 3980 689 4044 23.
708 3979 851 4046 Octobris
871 3980 968 4045 1710.

550 4170 791 4234 Franciscus
813 4169 1004 4254 Princeps
1026 4189 1065 4232 m.
1081 4191 1112 4254 p.

835 4320 888 4410 (Ε
906 4321 959 4410 s.)
