3117 5084
1196 325 1274 397 439

75 488 110 570 je
129 506 179 553 rne
200 495 320 573 pronret
340 512 380 556 nn
399 492 524 557 remede
546 499 666 578 prompt
690 501 796 561 contre
821 497 866 559 les
882 496 1096 563 inconveniens
1114 499 1164 582 qni
1181 518 1274 583 pour-

40 585 42 633 l
77 597 178 662 roient
192 600 319 672 crriver,
340 600 470 672 etoile,
487 622 564 685 pour
579 622 628 665 nne
644 622 810 668 conserver
826 604 897 668 Sire
913 626 950 669 en
967 611 1045 670 estat
1062 606 1101 670 de
1118 610 1275 673 continuor

75 705 167 769 nlair
183 708 248 771 noir
263 727 280 770 o
298 709 408 773 νοοῖτο
424 710 553 793 blejeste
568 712 642 775 dens
657 732 714 776 son
730 714 828 777 entier
849 714 878 777 le
901 713 1086 779 devouemon
1108 736 1182 781 avec
1203 719 1273 800 quel

70 814 107 895 jo
122 815 186 879 sris
200 815 271 879 Sire
294 816 333 880 de
350 818 458 882 vostre
481 819 609 901 Mojcste
631 821 661 885 le
682 821 869 887 tresbumble
892 828 955 887 tres
978 823 1132 889 obeissont
1155 829 1187 889 et
1209 832 1274 891 tres

74 922 194 987 oerore
215 924 372 989 Servitenr
391 927 436 989 bc
451 928 559 992 Princo
575 927 714 1012 Roioczy
735 950 774 991 nr.
798 951 827 1013 p.
846 950 862 993 e
879 930 1025 995 blisiolcz
1042 952 1078 995 ce
1095 933 1125 997 le
1144 933 1195 1000 lo.
1212 934 1273 999 Fe-

74 1029 159 1093 trien
175 1028 274 1095 1704.

111 1135 344 1210 (iligenbinoiipcs
357 1138 502 1209 original.)

658 1286 688 1349 3.

283 1389 504 1455 Sebreiben
528 1392 738 1458 desselben
762 1414 808 1458 nn
833 1394 1061 1459 denselben.

368 1509 974 1593 less-Bereny,24.b*ebr.1704.

166 1640 268 1704 Sirel
292 1638 351 1703 Les
365 1640 592 1723 indispositions
609 1638 647 1703 de
663 1660 696 1704 sn
713 1640 828 1703 saintee
845 1646 933 1723 ayant
946 1640 1077 1723 eloignic
1099 1641 1137 1705 de
1149 1661 1217 1725 moy
1229 1639 1268 1704 bl.

71 1747 132 1811 des
148 1748 266 1812 Alleurs
283 1749 310 1811 si
327 1747 438 1812 devant
453 1747 577 1830 Envoye
588 1748 834 1812 Extreordinnire
847 1748 885 1811 de
898 1748 1006 1812 νοοῖτο
1018 1750 1147 1831 biejeste
1160 1769 1271 1832 euprez

68 1854 110 1920 de
124 1876 208 1940 moy3
225 1861 256 1920 et
267 1860 495 1941 presentement
506 1875 560 1919 son
573 1856 796 1919 brnbessedenr
807 1856 914 1920 nonree
927 1878 943 1919 ο
955 1856 982 1919 ln
995 1857 1086 1920 Ponte
1100 1855 1270 1931 Ottonnnne‚

66 1966 88 2028 il
106 1965 169 2027 m'n
186 1965 239 2028 fait
254 1969 399 2028 remetire
414 1966 443 2028 ln
455 1966 544 2029 lettre
561 1963 634 2028 dont
649 1965 759 2029 νοοῖτο
775 1965 903 2046 blnjeste
919 1986 965 2028 non
981 1965 1109 2038 honore,
1126 1972 1156 2029 et
1172 1986 1227 2050 per
1243 1965 1269 2029 le

66 2073 170 2158 quelle
188 2072 259 2156 j'ay
281 2073 383 2157 appris
410 2094 463 2137 vos
485 2074 648 2136 intentions
672 2072 758 2143 Sire,
782 2078 814 2136 et
834 2074 879 2135 les
902 2073 1027 2137 bontees
1052 2093 1125 2137 avec
1155 2073 1270 2160 quelles

67 2182 182 2247 Vostre
205 2182 334 2264 blajeste
357 2182 471 2266 Royele
493 2202 510 2244 e
531 2180 602 2244 bien
627 2181 713 2244 vonlu
737 2181 973 2265 distinguentes
1001 2184 1139 2247 onerittes
1167 2182 1205 2245 de
1233 2203 1270 2247 ce

65 2292 144 2375 Sgr.
162 2312 215 2354 son
232 2291 339 2376 depart
354 2290 501 2354 rn'auroit
518 2295 600 2354 estes
624 2290 773 2361 sensible,
798 2291 871 2353 dans
892 2292 937 2353 les
959 2291 1173 2374 conjonotunes
1196 2312 1268 2375 pre-

63 2406 174 2464 sentes
200 2419 237 2463 οι]
257 2398 373 2482 j’avois
394 2399 462 2483 plus
484 2398 590 2462 besoin
614 2418 672 2482 qne
691 2398 798 2481 jamnis
821 2398 860 2462 de
881 2418 932 2462 ses
956 2399 1031 2462 bons
1049 2400 1216 2464 Conseiiles
1239 2406 1271 2463 el

60 2512 143 2583 avis,
158 2509 320 2593 lesquelles
333 2509 367 2591 je
382 2528 431 2572 rne
448 2508 508 2571 svis
525 2507 577 2572 init
594 2508 697 2591 plaisir
713 2508 751 2571 de
764 2508 864 2571 svivre
878 2528 915 2570 en
928 2512 1039 2573 touttes
1053 2509 1097 2572 les
1110 2510 1265 2573 occasions

59 2622 190 2702 lorsque
210 2618 244 2701 je
260 2617 305 2679 les
326 2637 362 2700 ey
378 2622 484 2682 trouve
501 2615 704 2679 convenebles
721 2636 756 2678 au
773 2615 845 2679 bien
862 2616 900 2678 de
917 2637 980 2679 noes
1002 2617 1146 2689 interets;
1171 2619 1198 2679 si
1221 2617 1266 2679 ies

59 2746 245 2793 assurences
263 2724 339 2810 qu'il
357 2747 373 2787 a
389 2726 460 2809 plen
478 2725 618 2789 nVostre
634 2724 761 2805 Majeste
787 2724 825 2789 de
849 2744 897 2787 me
923 2724 968 2787 les
992 2726 1122 2789 reiterer
1145 2746 1200 2810 par
1223 2728 1265 2795 lni

59 2836 147 2900 aussi
160 2835 229 2898 bien
242 2855 300 2920 que
313 2856 368 2919 per
380 2834 406 2897 ln
419 2835 561 2898 continue
577 2834 616 2896 de
632 2854 664 2897 sa
681 2835 772 2897 lettre
790 2853 829 2896 ne
845 2852 893 2896 nne
911 2832 1050 2897 leisoient
1066 2854 1120 2917 pas
1137 2856 1264 2919 esperer

58 2948 134 3009 tout
149 2944 187 3008 de
203 2965 235 3007 sa
253 2943 424 3026 benignite;
442 2948 473 3005 et
489 2940 604 3027 qn'elle
617 2964 688 3006 nura
699 2943 727 3004 la
741 2942 852 3007 bontee
866 2942 904 3005 de
918 2942 1068 3006 seconder
1080 2943 1125 3007 les
1139 2943 1266 3008 interets

58 3054 104 3117 de
123 3071 159 3114 ce
172 3054 322 3135 Royaurne
339 3058 370 3115 et
386 3050 424 3113 de
440 3070 504 3114 mes
516 3051 600 3115 Eleis
617 3051 718 3115 scions
735 3071 795 3134 que
808 3051 842 3133 je
858 3048 923 3135 l'ap
940 3051 1006 3135 prie
1019 3050 1057 3113 de
1070 3055 1267 3134 representet¹

58 3186 77 3228 a
99 3162 210 3226 νοοῖτο
226 3162 353 3245 blojeste
371 3161 454 3245 Qooy
477 3181 536 3245 que
560 3181 634 3223 vous
657 3180 773 3244 pouvez
797 3164 880 3224 estre
903 3162 1008 3224 essuri
1033 3160 1119 3232 Sine,
1144 3160 1264 3245 quode

58 3271 137 3359 quel
160 3270 292 3334 rnnniere
315 3268 389 3354 qu‘il
412 3290 486 3333 rous
511 3268 606 3354 pleise
629 3268 667 3331 de
690 3268 829 3352 disposer
846 3267 884 3331 de
904 3288 982 3353 moy,
1000 3267 1069 3352 j'ay
1092 3288 1171 3331 unne
1188 3290 1264 3333 con·

56 3382 178 3453 barnee,
202 3380 229 3443 si
249 3380 347 3442 ferme
370 3378 493 3443 densis
516 3398 670 3463 personne
694 3376 809 3441 Sacrbe
832 3376 869 3441 de
887 3378 998 3442 νοοῖτο
1020 3375 1146 3458 blnjeste
1169 3378 1265 3462 qo'en

58 3495 232 3557 remeltons
246 3494 359 3554 touttes
375 3509 438 3553 mes
455 3490 581 3553 inlcrets
594 3509 611 3551 e
624 3508 656 3550 sa
673 3487 805 3569 benigne
822 3486 998 3570 disposilion
1011 3488 1045 3570 je
1062 3508 1100 3551 ne
1115 3490 1265 3553 cessereis

53 3599 172 3683 jamnis
194 3597 221 3660 d·
230 3602 312 3662 estre
337 3617 409 3661 avec
426 3599 490 3661 tout
507 3598 536 3660 le
552 3601 677 3681 respect
693 3601 724 3659 et
740 3594 916 3660 veneration
933 3594 1002 3658 Sine
1019 3595 1057 3658 de
1075 3595 1183 3661 νοοῖτο
1201 3596 1267 3660 bln-

52 3707 146 3793 jcste
162 3706 274 3789 liopnie
296 3708 325 3769 le
348 3712 412 3770 tres
434 3704 557 3769 bumble
579 3712 642 3769 tres
666 3704 821 3768 obeissont
843 3707 874 3766 et
897 3708 960 3768 tres
978 3703 1093 3768 devoue
1110 3704 1266 3769 Serviteur

60 3816 214 3883 Francois
229 3815 338 3879 Princo
354 3835 393 3878 rn.
412 3836 441 3901 p.
460 3836 476 3878 a
492 3815 545 3879 Jns
560 3816 650 3877 Rerin
668 3815 746 3877 cele
764 3810 819 3877 24.
837 3814 876 3877 de
893 3812 1019 3875 Fevrier
1037 3811 1133 3878 1704.

646 4028 678 4094 4.

277 4138 494 4204 Schreiben
519 4137 729 4203 desselben
754 4157 797 4201 nn
822 4134 1047 4200 denselben.

283 4257 488 4341 Feldloger
509 4278 579 4324 von
598 4257 725 4331 solih,
754 4256 805 4322 15.
823 4255 927 4320 Jnnii
946 4252 1044 4317 1704.

157 4385 243 4449 Siret
275 4385 319 4449 be
342 4404 400 4469 peu
421 4384 460 4448 de
477 4384 560 4448 sorte
583 4383 659 4470 qn'il
683 4404 701 4465 y
718 4383 797 4446 avoit
814 4380 985 4465 d'envoyer
1000 4398 1064 4442 ines
1082 4379 1187 4442 lettres
1204 4399 1259 4463 pnr

57 4499 90 4561 le
106 4512 184 4575 voye
200 4493 238 4556 de
254 4489 367 4558 Dnnziir
383 4513 400 4557 a
416 4492 536 4557 retonde
552 4489 744 4567 rnondevoir
759 4488 797 4551 de
815 4487 910 4553 doner
927 4487 1063 4551 aVostre
1080 4484 1208 4567 Mojeste
1223 4506 1260 4549 un
