3117 5084
1172 382 1249 455 283

58 581 143 628 aree
163 565 221 628 les
242 561 619 647 pinnipoteniieires
644 560 919 644 d'Angleterre
940 565 972 624 ei
995 561 1034 624 de
1055 559 1170 626 i'sntre
1190 561 1252 626 fert

57 674 165 756 surpris
181 671 220 735 de
236 668 1252 755 rosiredernerehenupresdesplenipotentiairesde

55 781 209 845 Franco.
239 781 274 846 si
285 799 360 845 rous
372 781 455 846 anien
467 779 539 843 bien
550 779 682 864 compris
696 780 742 843 les
758 778 866 843 ordres
883 798 940 864 que
954 781 988 862 ie
1000 797 1073 845 rous
1087 799 1123 862 ap
1133 778 1252 844 donner

55 889 199 954 siderent
209 909 285 954 reus
299 890 401 953 aurien
417 907 516 953 cornu
528 887 617 972 qn'ils
633 909 708 953 rens
723 887 958 970 sesnaignoient
975 887 1037 950 a'ux
1052 887 1251 951 ministres

54 999 116 1062 dns
136 998 256 1062 aliies
278 1003 310 1062 et
332 997 420 1082 qn'ils
443 1016 482 1060 ne
499 1015 572 1061 vous
588 997 787 1062 autorisoient
802 997 968 1060 nusserneni
983 1015 998 1059 a
1016 1015 1090 1059 rens
1106 996 1252 1080 preduire

54 1123 187 1190 anpres
218 1105 284 1169 des
312 1105 515 1168 ministres
541 1104 585 1167 de
607 1105 762 1169 Franco.
807 1104 846 1169 Je
872 1123 913 1167 ne
935 1103 1093 1168 m’etonns
1113 1124 1168 1189 pes
1192 1123 1251 1188 que

52 1212 174 1299 n'syant
188 1216 256 1278 rien
272 1213 311 1278 de
327 1233 374 1278 ms
390 1219 460 1298 pari
475 1215 524 1298 qni
540 1220 611 1298 pust
626 1233 699 1279 rsus
716 1214 822 1278 attis-er
837 1215 866 1278 ln
882 1233 1013 1279 creares
1035 1213 1074 1277 de
1096 1231 1192 1278 esur
1214 1213 1251 1278 ei

51 1324 86 1387 ils
100 1344 173 1389 vous
191 1329 280 1408 apen(
295 1325 450 1406 iemoigr're
467 1322 504 1386 de
521 1325 555 1388 ia
571 1322 751 1387 froideur
773 1329 807 1388 et
827 1322 985 1408 beaucoup
1008 1323 1046 1386 de
1070 1341 1250 1397 reservo,

50 1433 120 1496 nais
130 1433 718 1518 quepnursntvsussonpesnneriis
731 1451 770 1496 ns
783 1411 1077 1518 rnns'rpentpas
1095 1430 1249 1517 nni-qne

51 1543 215 1624 quelque
233 1541 348 1604 ehose
365 1540 408 1605 de
433 1542 520 1626 pius
544 1541 725 1608 sseheux.
758 1541 827 1606 Mon
843 1541 991 1606 intention
1008 1542 1166 1614 estisne,
1186 1559 1249 1627 qne

49 1653 248 1715 ruretenent
273 1669 289 1713 a
313 1669 377 1715 mes
400 1651 548 1734 premiere
570 1649 678 1717 ordres
703 1673 777 1718 vous
798 1651 1010 1736 n’agissier
1034 1650 1091 1737 qu'
1107 1669 1250 1736 supr-er

49 1756 111 1821 des
135 1759 345 1823 ministres
373 1759 642 1843 d'Angleterre
669 1766 706 1825 et
731 1757 960 1825 d'Hnilnnde
986 1764 1025 1825 et
1052 1779 1125 1846 qne
1151 1778 1248 1825 rous

48 1867 249 1931 informiez
266 1869 456 1937 ennetement
478 1867 604 1932 l'abbe
619 1870 793 1934 Brenner
814 1870 862 1934 de
882 1872 991 1936 leurs
1006 1871 1246 1943 sentiments

48 1975 160 2040 imon
178 1975 294 2059 egsrd
310 1979 348 2040 et
364 1976 408 2040 de
425 1995 468 2040 ee
485 1996 654 2061 quernus
670 1979 778 2043 seren
795 1998 887 2044 aree
903 1999 1056 2043 enxvous
1069 1979 1248 2043 sorduisset

46 2086 129 2149 selon
145 2105 211 2150 ses
228 2085 310 2150 avis
327 2091 359 2150 ei
373 2086 424 2172 luy
440 2085 594 2151 laissanta
612 2088 663 2174 luy
679 2089 744 2154 seui
760 2090 790 2152 le
807 2089 874 2153 sein
890 2093 922 2154 et
938 2090 965 2152 is
977 2089 1194 2153 eonnoissnnee
1208 2089 1247 2152 de

45 2211 124 2259 mes
148 2196 332 2264 intersis.
366 2196 437 2259 Par
459 2202 620 2281 rapport
642 2198 658 2262 i
681 2199 715 2262 la
732 2199 886 2264 Franco
905 2200 945 2283 je
973 2217 1068 2286 erop
1091 2197 1182 2284 qu'il
1206 2217 1249 2262 se

45 2322 109 2366 ren
119 2303 188 2367 dra
204 2302 276 2367 bien
293 2307 354 2368 tosi
370 2325 386 2366 a
402 2305 560 2370 utrecht
576 2306 650 2369 nnsis
666 2305 714 2370 s'r'l
726 2306 866 2371 iardniti
879 2307 908 2370 le
918 2308 1005 2380 inire,
1018 2308 1245 2392 communiquez

43 2431 114 2476 rous
140 2413 227 2496 airy
248 2431 305 2496 par
326 2413 442 2478 lettres.
476 2412 582 2480 L’etat
605 2419 730 2498 present
754 2415 794 2479 de
813 2435 880 2480 mes
902 2415 1024 2481 affaires
1048 2436 1086 2480 ne
1102 2437 1152 2480 me
1168 2435 1245 2502 per·

44 2526 172 2586 mettani
185 2539 253 2605 pas,
270 2539 385 2585 nomme
399 2523 432 2605 js
450 2541 522 2586 sons
539 2521 560 2585 l'
571 2543 607 2608 ny
623 2527 903 2609 sourentrnnrque,
928 2519 1115 2608 dnj'onter'a
1132 2543 1169 2589 ee
1186 2545 1246 2610 que

39 2629 164 2712 jesous
182 2649 219 2712 ay
234 2628 285 2692 iini
302 2645 378 2714 pour
395 2636 497 2695 vestre
514 2631 721 2706 subsistenee‚
743 2633 764 2696 il
783 2631 846 2696 saut
862 2653 921 2720 qne
936 2654 1012 2698 vous
1027 2653 1102 2698 vous
1120 2651 1158 2698 en
1174 2653 1251 2700 con-

43 2740 175 2811 tentiez,
202 2743 234 2803 et
249 2739 268 2801 ii
285 2744 333 2802 est
347 2740 455 2804 inutile
471 2761 530 2826 que
546 2761 621 2805 reus
641 2742 888 2827 nr'inrportunien
904 2744 1072 2826 savantsge
1088 2745 1115 2807 in
1131 2738 1249 2808 deseris.

43 2848 76 2913 Si
99 2867 176 2913 rous
203 2847 322 2912 eerivez
345 2871 363 2912 n
388 2848 516 2913 l'nbbe
542 2851 716 2916 Brenner
744 2853 862 2918 faites
886 2854 922 2917 ie
946 2873 1013 2938 prr
1035 2855 1251 2917 messierrs

44 2957 229 3024 Cossarts
256 2957 345 3023 dont
372 2957 446 3023 l'nn
473 2959 660 3025 domeure
688 2984 704 3026 a
731 2964 967 3028 amsterdnrn
994 2970 1032 3029 et
1058 2963 1250 3048 s'nppeiis

43 3067 152 3131 {snae
170 3073 208 3132 et
228 3065 363 3133 l'sutre
380 3089 395 3132 a
412 3070 636 3135 Roiterdarn
662 3077 696 3136 et
720 3074 1041 3138 sennmmeJesn.
1074 3074 1096 3136 11
1114 3073 1249 3158 n'pnurn

43 3175 94 3262 qu'
114 3197 133 3240 n
157 3177 225 3240 ienr
251 3177 369 3242 donner
392 3199 462 3242 une
486 3179 642 3244 adresse
666 3200 760 3265 pnur
782 3181 841 3246 ies
864 3202 1055 3267 repenses
1080 3183 1142 3266 qui
1167 3182 1250 3245 leur

43 3289 179 3349 neroni
196 3285 354 3349 envsiss
371 3292 402 3351 et
418 3305 535 3352 somme
551 3289 586 3354 iis
605 3309 643 3352 ne
657 3291 948 3375 eonnsissentpnint
965 3296 1026 3356 net
1042 3291 1137 3355 abbe
1154 3311 1249 3376 pour

44 3393 1145 3479 ecelesiastiquerousiuydonnererletitredubsrsn.

42 3537 192 3621 Atergoz
694 3543 884 3609 Franeois
907 3544 1048 3608 Prince
1065 3563 1104 3608 m.
1123 3564 1152 3628 p.

263 3629 457 3694 AMonsieur

194 3734 347 3801 Monsieur
363 3737 528 3804 Gnaden.

79 3860 242 3934 (original.)

347 3951 350 3960 ’
611 3974 684 4039 149.

288 4095 455 4165 Berieht
486 4101 695 4167 Kiemsnt‘s
734 4124 783 4166 an
814 4102 1007 4187 Rikiezy.

363 4227 408 4290 De
425 4228 452 4292 la
469 4228 542 4292 Haie
559 4228 588 4292 le
607 4227 659 4292 14.
676 4228 921 4296 Ferrier1712.

136 4368 258 4432 Svirsnt
274 4370 319 4432 les
335 4369 513 4434 sentinare
528 4370 566 4435 du
579 4370 680 4434 Grand
693 4371 889 4435 Pensionsire
902 4372 972 4456 j'ny
987 4393 1024 4435 vu
1035 4373 1092 4436 Mr.
1106 4374 1135 4436 ie
1147 4372 1246 4436 Barnn

42 4477 81 4540 de
93 4477 265 4544 Weideren
283 4483 313 4542 et
324 4478 357 4559 je
374 4479 425 4564 luy
440 4500 478 4562 sy
494 4479 591 4543 rendu
608 4481 636 4543 ie
653 4483 797 4545 memsire
813 4481 886 4545 doni
899 4483 927 4545 la
939 4482 1027 4564 eopie
1039 4502 1055 4542 a
1069 4483 1118 4544 ete
1131 4482 1246 4564 envoy&

42 4587 59 4650 1
74 4587 113 4651 V.
131 4587 167 4649 A.
186 4587 218 4651 S.
236 4587 286 4674 luy
302 4587 401 4653 disant
417 4589 467 4675 qu'
485 4589 563 4654 niani
580 4611 617 4653 eu
635 4589 703 4674 deja
719 4591 884 4655 i'honneur
899 4591 938 4654 de
955 4591 1095 4656 conferor
1110 4609 1184 4654 avec
1197 4591 1246 4678 luy
