3117 5084
305 358 355 431 36

872 530 924 593 17.

302 658 573 723 F'inalbericht
603 656 817 723 Klemeut's
851 655 945 720 dber
980 656 1040 719 die
1076 676 1126 719 an
1161 655 1237 718 dcu
1271 656 1400 719 lloteu
1437 674 1509 715 rou

302 768 512 839 Preuseen,
536 764 706 849 Englaud
730 764 995 837 undllolland,
1019 764 1114 829 daun
1137 764 1202 829 mit
1225 764 1307 829 dem
1322 766 1508 845 lies-noge

389 892 460 938 von
482 873 759 956 Marlborough
782 872 1001 955 gelehrtcu
1024 872 1411 956 Unterhaudluugen.

774 996 864 1083 (nas
891 995 1026 1084 tuoe.)

304 1140 497 1211 Conceptus
512 1140 706 1195 Relationis
722 1145 903 1209 suceptae
922 1145 953 1195 et
966 1138 1089 1196 finitae
1103 1139 1361 1213 Negotiationis
1382 1141 1420 1195 in
1436 1142 1508 1195 auls

304 1231 475 1294 Pruesica,
489 1229 1509 1304 Anglica(apud),llollsndosetllucomdeltarlelnorouglu

350 1374 557 1441 Sereoiocime
572 1375 737 1463 Prinoepe,
754 1376 836 1441 Dua
851 1396 891 1441 oo
905 1376 1040 1440 Domine
1054 1375 1187 1441 Domine
1206 1376 1474 1442 Clomentissime.

394 1501 489 1566 Venio
517 1502 547 1565 iu
574 1506 769 1585 conspectum
795 1502 977 1567 Serenitatis
1001 1500 1070 1567 Vrae
1096 1502 1253 1567 Rationem
1280 1500 1465 1568 redditurus
1493 1523 1509 1565 a

306 1610 479 1674 Serenitatc
491 1610 551 1673 Vra
566 1609 639 1673 mihi
656 1608 896 1675 clementissime
911 1609 1042 1694 impositi
1059 1610 1189 1674 diuturni
1206 1610 1335 1682 itineris,
1352 1615 1386 1675 ct
1402 1610 1509 1695 perid

306 1718 338 1781 in
353 1718 427 1782 Aula
442 1718 533 1801 liegis
549 1717 722 1790 Borussiac‚
737 1718 872 1800 Reginae
888 1718 1015 1801 Magnae
1031 1718 1219 1793 Britanniae,
1235 1718 1315 1804 apud
1329 1720 1455 1785 Ducem
1472 1718 1509 1783 dc

305 1826 548 1910 Marlehorough,
565 1831 598 1891 ut
614 1831 646 1891 et
658 1826 762 1891 Statum
778 1831 811 1891 ct
827 1824 957 1891 Ordines
970 1826 1137 1891 Generales
1147 1826 1308 1892 Foederati
1318 1827 1424 1910 Belgii
1441 1846 1508 1892 cum

305 1932 564 1999 Revercudissimo
581 1934 708 1999 Domino
724 1932 881 2000 iablonski
896 1934 974 1999 intra
990 1954 1098 1998 novem
1112 1935 1179 1999 lere
1194 1934 1331 2007 Menses,
1353 1935 1509 2018 superatis

307 2041 535 2108 occurrentibus
550 2043 727 2127 plerumque
740 2042 863 2107 summis
875 2041 1112 2115 difficultatibus,
1123 2043 1293 2116 inchoatae,
1309 2044 1509 2109 continuatae
1553 2047 1554 2132 l

307 2171 343 2217 ae
357 2149 458 2216 linitae
473 2150 702 2235 Negotiationis.

398 2260 659 2344 Super-vacaneum
675 2278 744 2325 esse
757 2259 861 2342 judico
878 2260 1081 2324 Serenitatem
1093 2260 1182 2325 Vsum
1202 2261 1396 2326 enarratione
1408 2262 1508 2347 irnpe-

307 2368 506 2432 dimcntorum
528 2372 560 2433 ct
575 2368 780 2433 Periculosum
803 2387 924 2439 curum,
947 2388 1024 2452 quae
1046 2368 1077 2433 iu
1097 2369 1208 2433 itinere
1230 2368 1387 2435 Gadauuun
1409 2390 1508 2454 umque
1553 2359 1554 2414 3

308 2477 513 2548 obvenerunt,
535 2474 697 2547 distinere,
720 2495 798 2560 quae
818 2477 979 2540 summarie
998 2476 1133 2561 Epistola
1154 2496 1221 2541 mea
1237 2475 1276 2541 de
1290 2478 1361 2543 dato
1377 2476 1507 2542 Godana
1553 2459 1554 2468 ἵ

1552 1429 1554 1498 l

308 2585 339 2651 ὅ.
352 2585 419 2651 lan.
434 2583 520 2649 1709
533 2584 584 2649 hie
599 2582 768 2668 inparibus
784 2584 843 2649 lit
860 2585 895 2649 Α.
912 2605 1027 2649 annena
1042 2585 1205 2660 describit;
1220 2583 1326 2649 Delieo
1341 2590 1448 2650 manau
1458 2586 1509 2651 hic

307 2694 424 2759 lllrmae
434 2693 580 2758 Dominae
592 2692 742 2757 Palatinae
758 2693 968 2759 Posnaniensis
983 2694 1132 2759 dilectum
1148 2714 1207 2759 uec
1220 2694 1316 2757 miuus
1335 2694 1507 2760 Rutkorsu-
1553 2675 1554 2678 Ἴ

308 2802 424 2866 lniorum
447 2820 501 2886 pro
526 2801 698 2867 serenitate
713 2801 773 2866 Vra
797 2802 957 2867 Sincerum
972 2802 1076 2867 Zelum
1099 2801 1318 2868 commendare.
1340 2803 1397 2867 vix
1414 2805 1508 2876 euim,

309 2910 335 2975 ei
351 2911 401 2975 illa
416 2910 496 2976 huuc
516 2930 577 2974 uon
598 2911 800 2995 persuasisset
819 2916 852 2977 et
865 2911 959 2977 Passu
973 2911 1164 2983 munivisset,
1184 2912 1236 2976 lic
1250 2930 1323 2975 vero
1338 2910 1407 2975 Dux
1421 2932 1509 2976 murs

311 3040 370 3085 uon
386 3020 503 3091 linisset,
515 3018 596 3083 Pasti
614 3023 645 3082 et
660 3019 830 3101 vagantium
845 3019 971 3084 militum
985 3020 1166 3085 hucciniis
1181 3019 1339 3085 obnoxiam
1353 3019 1509 3087 Polonianu

309 3128 439 3193 transire
461 3127 605 3193 licuisset.
643 3128 761 3191 luterea
784 3128 883 3192 uultus
905 3127 1029 3200 dubito,
1049 3148 1151 3201 meas,
1172 3148 1246 3213 quas
1261 3128 1426 3193 humillima
1441 3149 1509 3195 cum

310 3236 454 3303 fidelitate
471 3238 634 3302 Serenitati
649 3237 728 3301 Vnae
743 3238 896 3302 serviendi
913 3240 1075 3322 conjuncto
1091 3239 1213 3304 terrore
1235 3238 1363 3311 duetus,
1386 3240 1510 3305 Ziveciu

311 3346 348 3409 ad
364 3346 565 3411 serenitatem
581 3346 671 3410 Vraru
686 3346 846 3430 aliquoties
862 3345 1015 3420 dederam,
1031 3347 1163 3432 perlatas
1178 3367 1257 3412 esse.

402 3452 587 3537 Significani,
605 3472 682 3539 quae
694 3476 711 3519 a
722 3452 904 3520 Rutkovszki
919 3456 992 3520 mihi
1008 3455 1313 3527 communicabantur,
1329 3460 1362 3521 ct
1377 3475 1458 3541 quae
1472 3456 1508 3521 ad

313 3564 548 3627 conservandam
562 3582 627 3627 rem
639 3562 820 3629 serenitatis
832 3564 910 3629 Vnae
923 3565 1028 3630 tacere
1045 3564 1241 3650 expediebat3
1258 3564 1321 3629 Sed
1336 3584 1394 3629 nec
1410 3565 1508 3630 inania

314 3671 408 3735 fuisse
424 3692 460 3734 ex
476 3672 624 3755 postfacto
641 3672 792 3746 intellexi,
809 3673 874 3758 ipsa
891 3675 955 3757 jam
971 3673 1093 3759 publica
1106 3672 1196 3737 Fama
1212 3674 1390 3760 propalante
1405 3674 1508 3739 Lube-

314 3778 520 3843 uirsukiorum
550 3780 696 3864 pessimas
727 3786 832 3847 contra
860 3782 1063 3847 serenitatem
1087 3782 1176 3847 Vnam
1207 3787 1239 3846 ct
1270 3782 1507 3849 eonfoederatus

315 3886 419 3951 Status
449 3886 700 3962 Machiuationes,
729 3895 760 3953 et
788 3891 875 3954 unius
901 3891 1073 3955 Eorundem
1095 3890 1245 3977 (Podstoli
1268 3889 1396 3977 koroni)
1423 3894 1507 3975 cujus

312 3995 513 4081 praesentiam
550 3996 662 4061 Ziveeii
699 3997 919 4071 indicaveram,
952 4000 984 4065 iu
1012 3998 1087 4064 Aula
1123 3998 1286 4063 Viennensi
1320 3998 1508 4082 splendidam

310 4104 534 4189 Receptionem.

405 4210 560 4277 Gedanum
576 4212 669 4296 igitur
685 4214 715 4278 li.
733 4215 801 4281 Jau.
818 4216 991 4299 ingressus,
1015 4235 1052 4280 ac
1072 4212 1111 4279 oh
1127 4214 1328 4279 emendasse
1342 4217 1444 4280 miuus
1458 4214 1508 4280 lir-

314 4338 391 4385 rnam
408 4341 424 4384 a
440 4325 580 4406 suscepta
596 4322 713 4388 itineris
730 4324 955 4391 continuatione
970 4324 1120 4389 desistere
1136 4328 1269 4396 coactus,
1285 4343 1343 4409 per
1356 4323 1508 4409 pullicum

314 4429 514 4495 Tabellarium
537 4452 553 4494 a
576 4430 746 4497 Serenitate
763 4433 824 4497 Vra
851 4432 1070 4517 benignissime
1091 4432 1164 4496 mihi
1185 4431 1377 4497 concreditas
1393 4435 1507 4498 Beroli·

316 4560 385 4605 uum
402 4539 539 4624 expedivi
555 4540 720 4627 Epistulas,
745 4544 812 4628 ipse
834 4544 1011 4629 quantocius
1030 4546 1198 4608 secuturus.
1230 4540 1293 4607 Sed
1308 4542 1450 4628 impediit
1463 4564 1507 4607 use
