3117 5084
284 333 363 404 488

282 527 330 572 ma
353 529 517 592 personne,
539 528 613 573 avec
629 508 674 592 tes
690 507 934 574 establisscment
955 527 1014 594 que
1030 508 1061 574 te
1077 508 1182 574 devoir
1204 515 1235 574 et
1255 527 1327 574 mon
1351 508 1487 574 honneur

282 617 420 699 obligent
435 617 623 680 ohsotnmeut
640 617 678 680 de
696 617 895 690 rechercher,
913 622 945 682 et
960 638 1031 682 sans
1047 619 1179 701 tesqude
1191 618 1225 700 je
1242 619 1307 682 suis
1324 618 1482 682 rescinde

282 725 525 789 m'abandouner
540 726 654 810 pintost
671 728 872 790 entieremcnt
897 730 927 790 et
951 727 1145 812 uniquemsnt
1167 727 1229 792 ila
1253 727 1447 810 providence
1460 735 1487 790 rt

283 837 322 900 de
345 837 427 900 vivre
450 837 564 920 enpose
588 855 643 900 oux
666 837 818 900 matheum
841 856 900 921 que
917 838 952 920 je
975 836 1088 902 sentire
1109 836 1330 908 schrctement,
1366 856 1428 921 qne
1454 835 1486 900 dc

285 945 440 1010 consentir
457 946 474 1008 ir
490 965 528 1008 ce
545 964 603 1029 que
615 945 650 1027 je
672 965 711 1008 ne
728 965 855 1030 croyrsy
871 966 926 1030 pes
952 944 1095 1010 convenis
1110 965 1165 1010 eux
1180 943 1349 1010 v'eritnhtes
1366 946 1489 1010 intercts

285 1055 324 1119 de
346 1075 393 1118 ma
409 1055 516 1140 patric,
534 1054 551 1120 d
567 1074 637 1118 mon
653 1054 791 1119 honneur
808 1061 839 1120 et
856 1056 872 1118 h
890 1075 936 1120 ma
953 1056 1084 1122 secrete.

373 1162 509 1228 Perdant
525 1164 553 1227 tn
575 1183 688 1247 guerre
711 1171 742 1228 et
765 1165 794 1228 te
816 1183 906 1228 cours
929 1163 984 1229 des
1008 1166 1215 1248 negociatione
1237 1163 1276 1230 de
1294 1164 1487 1246 Hongmets

283 1273 393 1339 Netion
409 1294 426 1337 n
442 1273 579 1356 toujonrs
590 1274 616 1337 si
629 1273 690 1338 tort
705 1273 845 1340 snuhnitd
858 1274 886 1338 te
899 1273 1140 1340 retehtissement
1150 1273 1190 1338 de
1205 1275 1234 1338 le
1246 1274 1445 1357 principante
1455 1274 1488 1338 de

284 1383 492 1448 Traunilvenie
509 1382 584 1446 dans
599 1382 627 1446 ts
643 1381 753 1448 liberte
777 1382 943 1448 d'electinn
961 1382 1000 1448 de
1016 1404 1066 1448 ees
1079 1386 1212 1470 princes,
1235 1403 1296 1468 quc
1315 1384 1354 1465 je
1378 1385 1443 1450 suis
1461 1391 1488 1448 et

283 1493 363 1557 dreit
379 1493 418 1555 de
429 1493 457 1555 ta
470 1491 634 1556 demandet
650 1512 689 1556 cn
705 1498 792 1558 vertu
805 1492 843 1556 de
859 1513 929 1556 mon
945 1493 1077 1558 eiection
1093 1493 1231 1558 unanime
1247 1496 1279 1558 et
1290 1492 1488 1578 legitimeet

284 1623 321 1666 ce
338 1621 397 1686 que
412 1602 440 1664 le
456 1620 598 1683 royoume
615 1607 646 1665 ct
661 1603 688 1665 tu
705 1603 806 1666 uation
824 1606 876 1666 ont
897 1603 1021 1666 trouver
1046 1603 1114 1666 leur
1135 1601 1258 1666 secrete
1284 1601 1438 1668 attechde
1457 1622 1489 1666 m

284 1708 542 1776 demembrement
558 1711 597 1775 de
613 1716 695 1776 cette
710 1712 902 1796 principante
914 1711 969 1776 des
982 1717 1060 1776 etats
1073 1712 1111 1776 de
1123 1712 1151 1776 le
1163 1712 1279 1776 mmsnn
1296 1711 1490 1778 d'dutvichs.

283 1823 327 1884 La
343 1840 417 1886 cour
432 1820 471 1884 de
486 1820 603 1884 Vienne
619 1841 636 1884 e
652 1820 788 1902 toujours
804 1820 893 1885 voulu
909 1821 1075 1906 persueder
1091 1823 1110 1888 i
1125 1843 1176 1886 ses
1193 1820 1280 1886 allier
1299 1840 1364 1905 que
1383 1841 1422 1886 ce
1437 1822 1489 1886 de·

284 1929 502 1994 membrement
522 1930 616 1994 serait
638 1929 855 2014 prejudicinhte
881 1931 897 1994 h
920 1931 946 1994 la
969 1930 1139 1996 chretieutd
1164 1949 1256 2016 perce
1279 1950 1343 2014 que
1363 1935 1418 1996 cet
1434 1936 1491 1996 ern

283 2044 352 2123 trop
369 2037 460 2102 foibte
475 2058 553 2123 pour
568 2059 604 2102 se
621 2039 758 2104 snuteuir
774 2039 812 2104 de
829 2061 884 2122 sup
899 2039 1008 2112 meme,
1031 2040 1127 2104 seroit
1143 2039 1258 2121 toujors
1274 2038 1388 2123 ohtige
1405 2040 1446 2104 de
1458 2061 1490 2105 se

285 2151 467 2212 sousmettre
483 2167 538 2210 aux
554 2147 669 2218 Turcs,
692 2154 724 2212 et
740 2169 799 2232 que
820 2149 865 2213 tes
890 2149 1066 2214 differentes
1083 2148 1210 2213 sections
1229 2148 1285 2212 des
1302 2149 1491 2232 pretendens

283 2253 417 2340 pendant
432 2253 638 2339 l'iuterregue
651 2275 690 2318 ue
720 2258 950 2341 muuqncroient
968 2257 1076 2340 jamnis
1092 2257 1235 2322 d'uttirer
1250 2257 1278 2320 le
1295 2275 1418 2338 guerre
1435 2259 1453 2321 ri
1467 2257 1491 2320 1·

283 2366 404 2439 uatium
421 2365 494 2429 meis
508 2386 545 2428 nn
563 2371 636 2448 peut
651 2367 862 2450 perfuitemeut
876 2367 1027 2432 remedier
1044 2368 1061 2432 d
1078 2368 1143 2432 cele
1159 2387 1213 2450 per
1229 2367 1249 2430 1·
1257 2365 1492 2432 etnbtiseement

284 2476 324 2539 de
335 2474 501 2539 l'hdre'dite
513 2473 589 2538 daus
601 2494 648 2538 mn
659 2476 775 2539 maisou
793 2476 832 2540 du
843 2480 1071 2541 consentemeut
1087 2476 1403 2560 concrememur
1419 2477 1492 2540 taci-

284 2584 354 2648 liter
371 2589 452 2647 cette
469 2584 600 2655 concion,
615 2603 653 2646 cn
673 2584 703 2648 ie
720 2588 794 2667 peut
809 2585 921 2650 rendre
944 2583 1109 2652 feudataire
1127 2585 1181 2650 des
1198 2585 1278 2669 Rupe
1296 2590 1329 2651 ct
1346 2605 1490 2670 rnynnmc

284 2693 322 2756 de
338 2692 485 2775 Hongrie,
510 2694 686 2758 commetes
703 2694 855 2758 electeurs
872 2694 900 2756 te
917 2699 985 2760 snut
1006 2694 1045 2758 de
1069 2693 1257 2778 t'empcreur
1278 2699 1312 2758 et
1333 2695 1378 2760 de
1402 2695 1489 2760 l'em·

284 2804 369 2887 pire;
393 2799 482 2874 enfin,
501 2822 577 2885 pour
593 2802 707 2866 caimer
722 2803 748 2866 lo
761 2803 890 2887 jutensis
907 2803 945 2868 de
962 2805 989 2867 ts
1005 2804 1119 2870 maison
1135 2801 1321 2876 d'eutriche,
1339 2825 1383 2870 on
1400 2825 1490 2890 pour·

286 2911 345 2974 roit
361 2909 436 2973 faire
458 2910 598 2973 declarer
617 2911 662 2974 ies
679 2912 802 2995 princes
819 2912 857 2975 de
877 2911 1083 2977 Transilvanie
1100 2911 1242 2998 capables
1259 2909 1345 2998 (sic)
1363 2912 1404 2976 de
1421 2934 1489 2999 pnr-

283 3020 370 3083 vcnir
385 3020 404 3083 d
418 3021 447 3082 la
463 3039 617 3084 conrnune
629 3020 669 3084 de
681 3021 825 3103 chgrie.
840 3020 940 3103 Qucnt
952 3040 1007 3086 nux
1024 3021 1213 3104 pretentions
1224 3021 1445 3104 perticulieres
1456 3023 1491 3086 de

286 3149 334 3194 me
352 3128 466 3193 maison
482 3149 535 3192 sur
550 3129 595 3194 les
617 3129 706 3194 biens
721 3129 933 3202 hereditsires,
952 3130 1026 3194 elles
1050 3135 1155 3194 serent
1171 3128 1311 3194 detsiltes
1340 3149 1399 3212 pur
1424 3150 1491 3196 mon

283 3239 557 3322 plenipotentisire
586 3245 618 3303 et
640 3259 705 3310 mes
726 3237 821 3303 droits
844 3239 1026 3324 empiement
1042 3237 1180 3304 debuttus
1197 3259 1234 3304 eu
1251 3243 1353 3321 temps
1371 3245 1405 3304 et
1421 3240 1490 3304 lieu

377 3347 420 3409 Le
436 3352 519 3412 reste
535 3348 590 3411 des
605 3349 800 3432 prehensious
817 3348 871 3412 des
888 3349 990 3414 Estets
1012 3348 1050 3412 de
1067 3347 1201 3431 chgrie
1218 3365 1376 3412 concerne
1391 3349 1426 3414 te
1442 3369 1492 3414 re-

284 3456 493 3520 tohtissemeut
510 3456 547 3520 de
563 3457 645 3522 leurs
661 3457 768 3531 droits,
793 3477 851 3542 que
868 3459 894 3522 ic
910 3459 1027 3522 maison
1051 3456 1232 3522 d'rtntriche
1254 3455 1309 3520 n'a
1329 3458 1449 3540 jamnis
1469 3459 1494 3520 si

286 3567 347 3632 sort
362 3569 519 3630 eontestez
534 3586 594 3652 que
610 3574 853 3650 presentement;
871 3574 902 3632 et
917 3568 1045 3651 puisquc
1062 3567 1088 3630 tu
1106 3570 1184 3630 mort
1200 3565 1239 3630 de
1263 3564 1494 3650 l’cmpereurs

288 3675 378 3738 inisse
396 3695 432 3737 ce
449 3679 535 3738 hone
560 3681 685 3749 vocent,
712 3676 788 3740 ilne
811 3675 953 3740 resteroit
978 3676 1044 3742 rien
1060 3676 1077 3740 d
1092 3675 1231 3758 stipuler,
1248 3675 1274 3738 si
1297 3694 1359 3738 uon
1382 3696 1450 3761 que
1467 3677 1495 3740 le

288 3784 469 3868 pretendunt
485 3784 650 3850 observem
666 3787 710 3848 tes
730 3785 896 3850 formaliter
910 3784 1025 3869 tegetes
1038 3783 1111 3848 dens
1124 3803 1180 3850 scu
1192 3790 1451 3857 courunnement,
1464 3791 1495 3848 et

288 3891 430 3957 retnbtira
443 3893 488 3956 tes
505 3893 561 3958 tois
575 3894 741 3959 enireintes
756 3915 811 3978 par
824 3914 874 3960 ses
896 3893 1145 3977 predeceeseurs,
1157 3893 1265 3977 portes
1281 3909 1428 3956 sermens
1446 3893 1496 3979 qui

288 4001 411 4068 doivent
424 4002 569 4086 gerantir.
586 4009 618 4068 et
634 4001 713 4088 qu’it
730 4004 849 4068 scivere
866 4003 894 4068 le
911 4002 1081 4068 formulaire
1105 4002 1144 4066 du
1167 4007 1300 4066 serment
1316 4021 1377 4085 que
1403 4001 1498 4066 l'ern-

287 4131 400 4196 pereur
413 4111 551 4197 Lenpold
574 4118 606 4176 et
626 4113 672 4177 tes
695 4131 765 4195 noys
789 4131 838 4176 scs
861 4111 1100 4196 predecessenrs
1123 4111 1243 4176 evoient
1268 4112 1375 4195 preter
1401 4112 1422 4175 d
1446 4121 1498 4178 eet

288 4220 393 4303 egurd.

377 4331 475 4413 dyest
492 4332 569 4417 juge
589 4332 619 4394 ci
641 4331 751 4395 densus
771 4330 945 4395 necessuire
969 4330 1008 4400 de
1031 4329 1169 4414 disposcr
1198 4328 1445 4396 sevombtement
1468 4331 1498 4394 te

285 4438 421 4504 ministre
437 4439 476 4503 de
493 4441 618 4513 Vienne,
635 4441 655 4506 it
672 4461 720 4504 me
736 4441 834 4524 puroit
848 4461 903 4524 pur
921 4442 950 4504 tu
967 4440 1186 4506 connaissance
1204 4438 1405 4523 partisidiere
1435 4459 1497 4526 que

286 4546 348 4630 j'ap
361 4547 400 4611 du
413 4549 455 4610 P“
472 4550 510 4612 de
521 4547 729 4614 Lichtensteiu
745 4549 877 4633 premier
889 4549 1025 4614 ministre
1037 4548 1076 4613 de
1088 4547 1269 4618 t'hrchidnc,
1285 4545 1375 4630 qu'on
1394 4567 1498 4631 pour·
