3117 5084
1188 366 1264 437 173

67 548 100 607 et
121 544 193 607 milri
219 543 309 607 etiam
330 544 381 609 nic
403 565 463 610 non
477 564 587 608 securo
611 547 645 607 ut
660 562 727 608 cum
743 542 868 607 brachio
884 543 1036 626 generalis
1053 543 1151 627 campi
1167 561 1267 605 mare-

66 651 200 717 schallus
224 653 361 724 assistat,
385 673 439 716 rex
459 654 627 737 imperarit.
659 653 755 717 Venio
777 674 856 717 nunc
878 653 916 716 ad
931 653 1149 718 revolutionem
1165 656 1267 715 extra-

67 760 267 834 ordinariam,
295 762 353 827 lroc
385 768 432 827 est
458 769 586 829 mortem
612 762 803 847 imperatoris
827 762 966 845 losephi;
996 765 1064 842 octo
1092 760 1157 825 dies
1185 760 1265 824 lecto

66 869 175 935 affixum
194 871 335 936 haeserat
358 892 394 937 ac
416 872 488 935 dein
514 873 565 939 l'i.
582 872 684 955 aprilis
699 873 773 936 hora
789 871 992 956 pomeridiana
1020 870 1070 935 10.
1094 888 1265 954 supremum

66 978 144 1043 obiit
166 979 261 1053 diem;
277 986 400 1046 secutus
415 982 501 1045 breui
518 982 576 1047 sibi
600 982 860 1047 familiarissimum
876 982 1043 1066 principem
1060 980 1099 1045 dc
1115 979 1266 1062 bamberg

65 1092 136 1153 ante
164 1088 278 1173 aliquot
302 1091 484 1175 septimanas
510 1096 677 1163 mortuum,
701 1092 750 1175 qri
777 1090 847 1155 illud
872 1091 928 1175 ipsi
950 1090 1135 1175 praedixisse
1156 1090 1263 1153 fertur.

69 1200 121 1265 18.
134 1201 233 1263 solnm
245 1200 349 1283 aprilis
360 1201 538 1283 permissum
550 1201 606 1267 fuit
618 1201 761 1265 ministris
777 1202 929 1266 exuaneis
942 1222 999 1285 per
1014 1220 1165 1271 cursores,
1181 1199 1265 1284 prin-

62 1308 214 1393 cipalibus
228 1309 290 1374 suis
305 1309 417 1375 obium
432 1311 512 1375 huuc
528 1311 695 1384 notificare,
707 1315 740 1375 et
755 1311 861 1375 eadem
878 1311 926 1375 die
942 1316 1006 1375 tres
1023 1310 1160 1394 expressi
1176 1308 1265 1373 variis

63 1421 118 1483 riis
135 1419 176 1483 ad
192 1440 298 1502 regem
314 1420 453 1485 Carolum
467 1421 650 1485 Barcelouas
666 1423 798 1505 expediti
815 1424 911 1487 fuere.
944 1422 1078 1485 Nuncius
1094 1421 1153 1485 huc
1169 1421 1264 1483 Bero-

63 1530 158 1593 l'mum
182 1530 418 1596 nudiustertius
440 1531 496 1596 sul)
521 1552 678 1616 vesperam
699 1533 805 1596 allatus
829 1532 885 1597 linit
906 1538 938 1595 et
960 1535 1087 1595 mortem
1110 1530 1189 1595 hanc
1204 1534 1264 1594 lam

66 1639 162 1722 quoad
179 1640 347 1703 alliatorum
362 1660 414 1704 res
429 1642 461 1705 in
476 1642 621 1724 generali,
646 1647 706 1707 tam
723 1642 819 1726 quoad
836 1643 868 1707 S.
881 1642 917 1707 V.
934 1646 966 1705 et
982 1640 1151 1723 Hungariae
1167 1660 1217 1703 res
1234 1639 1264 1701 in

63 1748 240 1831 particulari
263 1748 417 1813 allaturam
433 1755 540 1833 putare
556 1770 732 1835 coeperam,
749 1751 868 1815 acideo
884 1751 950 1815 sine
966 1770 1048 1813 mora
1064 1754 1158 1815 status
1175 1748 1264 1810 mini-

63 1862 160 1921 strum
176 1857 327 1922 dominum
342 1858 490 1923 Baronem
507 1860 639 1944 dellgen
650 1861 799 1926 accedens
816 1860 944 1925 eundern
959 1862 1072 1943 rogavi,
1089 1863 1122 1923 ut
1138 1878 1192 1942 pro
1209 1876 1263 1921 suo

62 1966 94 2029 in
109 1968 143 2031 S.
157 1968 195 2029 V.
213 1971 246 2031 et
259 1968 411 2031 nationem
425 1970 596 2051 llongaram
611 1969 722 2035 atiectu
738 1971 768 2033 iu
784 1976 844 2034 tam
860 1970 1020 2053 improuisa
1036 1986 1136 2033 rerum
1157 1966 1264 2029 immu-

63 2076 178 2140 tatione
194 2096 279 2140 suam
293 2078 473 2142 sententiam
488 2078 560 2143 milri
576 2099 613 2143 eo
629 2080 724 2162 magis
739 2081 859 2143 sincere
873 2079 992 2162 aperire
1004 2076 1189 2159 dignaretur,
1207 2095 1263 2158 qvo

64 2188 206 2251 securius
222 2186 259 2249 de
270 2188 385 2270 Regiae
395 2187 562 2271 llajestatis
579 2210 633 2274 pro
650 2194 744 2271 gente
759 2190 900 2272 llungara
916 2188 1025 2254 ellectu
1038 2206 1199 2272 persuasus
1214 2184 1264 2255 sit,

64 2317 166 2361 annon
181 2297 275 2379 rebus
296 2298 342 2362 sic
358 2298 506 2363 stantibus
519 2299 553 2363 S.
564 2298 598 2363 V.
613 2304 644 2363 et
659 2299 824 2364 secundum
840 2299 977 2383 projecta
988 2298 1052 2378 jam
1068 2301 1138 2361 ante
1154 2296 1265 2399 aliquot

64 2428 159 2473 annos
171 2408 390 2475 communicata
402 2408 451 2471 rel
466 2410 588 2473 totalem
604 2408 651 2473 soi
662 2430 681 2478 a
699 2410 787 2475 domo
804 2406 1265 2483 austriacademembrationem,

63 2519 111 2581 rel
123 2522 245 2583 asserto
256 2518 426 2602 principato
439 2520 688 2602 mussplraniae
699 2520 893 2603 pristinarum
909 2519 1080 2584 libertatum
1097 2516 1264 2581 restitutio-

64 2649 132 2691 nem
157 2649 285 2713 sperare
309 2634 416 2714 queat;
440 2629 569 2694 credere
592 2650 660 2703 me,
676 2630 709 2696 S.
722 2630 757 2695 V.
774 2632 903 2713 legalem
919 2649 1002 2695 suam
1019 2629 1049 2691 in
1065 2626 1264 2711 principatum

64 2739 316 2823 Transsylraniae
337 2740 581 2823 praetensionem
605 2760 685 2805 nunc
715 2762 776 2807 non
798 2740 1027 2810 derelicturum,
1054 2736 1145 2801 multo
1169 2736 1264 2799 minus

64 2847 170 2911 Status
187 2848 285 2931 Regni
299 2853 346 2913 tot
361 2848 502 2929 legalium
517 2854 696 2933 punctorum
711 2849 946 2915 satisfactionem
963 2849 996 2935 in
1014 2846 1165 2911 modernis
1190 2864 1264 2911 con-

59 2955 214 3037 juncturis
230 2958 426 3031 remissoros;
442 2959 555 3043 impelli
567 2980 616 3023 me
627 2959 665 3023 ad
677 2960 736 3024 hoc
747 2958 974 3043 supponendum
986 2955 1121 3041 inprimis
1133 2974 1265 3038 sequen·

61 3065 160 3131 tibus:
189 3068 335 3132 Constare
351 3068 429 3151 qrod
446 3068 559 3134 Gnarus
574 3070 712 3155 gallicam
727 3070 933 3155 acceptaverit
948 3070 1027 3133 iuter
1050 3087 1084 3131 sc
1106 3070 1137 3129 et
1159 3083 1264 3148 regem

63 3177 195 3241 Sreciae
207 3177 427 3252 mediationem,
439 3184 470 3243 et
481 3200 538 3263 per
550 3200 739 3265 consequens
750 3201 816 3245 rem
828 3181 858 3245 in
870 3201 907 3245 eo
921 3200 1000 3251 esse,
1013 3183 1046 3243 ut
1057 3198 1113 3263 pax
1127 3176 1262 3245 Czarum,

63 3286 197 3350 Sreeum
208 3292 241 3351 et
251 3289 367 3352 'l'urcas
378 3289 459 3355 iuter
470 3289 632 3362 coalescat,
645 3291 723 3375 qvod
734 3291 785 3355 ubi
803 3292 913 3354 factum
929 3289 1030 3361 fuerit,
1047 3285 1264 3351 rationabiliter

62 3396 205 3461 concludi
220 3417 322 3481 posse,
339 3398 463 3464 Gnarum
480 3399 585 3482 rigore
600 3405 779 3465 tractatuum
801 3420 922 3465 suorum
946 3419 1012 3463 cunr
1035 3398 1068 3462 S.
1083 3398 1117 3462 V.
1134 3398 1262 3460 'lorcam

63 3510 93 3567 et
108 3506 230 3569 Succos
246 3505 284 3570 oh
300 3508 454 3591 proprium
469 3509 619 3573 interesse
635 3509 668 3573 S.
685 3510 721 3574 V.
745 3511 775 3574 iu
791 3508 1021 3592 Transsyluauia
1037 3510 1142 3570 contra
1159 3494 1263 3589 quem·

63 3636 183 3701 ennqve
213 3622 438 3683 manutenturos
469 3623 502 3683 et
528 3620 699 3702 Hungariae
724 3620 772 3685 rel
804 3621 927 3685 totalem
954 3638 1011 3703 per
1038 3616 1104 3700 ejus
1132 3635 1148 3679 a
1175 3614 1262 3678 domo

63 3726 212 3789 austriaca
240 3727 422 3791 avulsionem
449 3729 639 3803 libertatum,
666 3732 714 3795 vel
741 3731 899 3815 pristinum
925 3726 1153 3813 privilegiorum
1175 3724 1263 3806 rigo-

63 3854 126 3899 rem
159 3841 347 3911 asserturos,
369 3840 499 3903 'turcam
527 3842 576 3904 rel
604 3841 731 3906 maxime
756 3846 935 3906 tractatuum
962 3838 1068 3903 horum
1092 3833 1262 3901 conclusio-

63 3965 131 4009 nem
147 3947 386 4012 acceleraturum
401 3945 500 4013 andita
515 3950 603 4014 modo
619 3955 716 4015 morte
731 3949 938 4035 imperatoris,
956 3946 1033 4032 (prod
1049 3946 1080 4009 in
1095 3943 1215 4009 turbido
1232 3944 1263 4007 in

65 4054 218 4138 llongaria
241 4056 367 4120 absente
383 4056 490 4123 carolo
506 4078 541 4122 se
556 4060 667 4143 piscari
685 4080 775 4145 posse
791 4064 967 4145 speraturus
982 4057 1039 4129 sit,
1061 4075 1119 4119 nec
1136 4054 1262 4119 Czarum

64 4169 113 4230 aut
127 4165 260 4230 Srecum
275 4167 383 4230 multas
406 4168 538 4233 facturos
555 4168 764 4243 difficultates,
785 4168 864 4254 quod
889 4165 1062 4252 compositis
1086 4162 1178 4228 rebus
1198 4162 1261 4227 suis

63 4274 121 4339 hoc
132 4280 282 4359 tempore,
296 4296 335 4338 ne
349 4277 412 4341 fors
423 4276 486 4359 jam
502 4278 552 4341 diu
567 4281 735 4364 projectata
750 4280 857 4364 exequi
875 4277 992 4363 possint
1006 4274 1155 4339 molimina
1172 4276 1260 4356 puta-

62 4385 121 4447 turi
136 4390 216 4448 sout.
249 4384 357 4448 Melius
373 4405 448 4468 ergo
465 4385 542 4459 lore,
558 4392 593 4452 ut
608 4389 640 4452 S.
654 4389 689 4453 V.
707 4394 739 4453 et
750 4388 903 4471 llongaria
917 4384 1148 4450 vindicationem
1161 4380 1260 4465 potius

66 4488 109 4552 sui
132 4490 242 4554 alliatis
258 4495 291 4554 et
307 4491 442 4574 inprimis
462 4494 530 4576 regi
545 4495 707 4559 Berussiae
724 4496 872 4567 debcant,
895 4495 1005 4579 quippe
1022 4490 1127 4576 qrilms
1144 4486 1259 4551 media-

66 4602 125 4661 tum
147 4596 200 4685 (t)
228 4599 329 4664 desint
355 4601 392 4664 ad
418 4604 636 4685 procurandam
663 4625 744 4669 nnnc
769 4606 882 4669 realem
908 4604 942 4668 S.
966 4603 1002 4668 V.
1031 4604 1063 4665 ct
1089 4598 1259 4679 Hungariae
