3117 5084
271 343 344 414 1211

266 520 293 581 11
320 517 504 602 quodamudo
530 519 560 581 in
588 523 691 602 partes
720 517 903 580 Serenitatis
926 515 1056 580 Vestrae
1083 537 1142 600 per
1169 513 1304 599 praemia
1331 509 1465 595 pertrahi

265 633 384 711 posset,
407 626 463 691 sed
487 628 554 712 quia
571 626 715 690 bloderua
731 627 843 690 Rerum
863 627 1104 708 llungaricarum
1125 625 1302 688 constitutio
1324 623 1387 684 boc
1407 639 1464 682 nor

264 736 387 820 patitur,
402 735 481 798 idem
498 739 529 799 et
544 738 664 798 maneat
679 735 774 818 qualis
790 735 864 798 uult.

352 841 468 925 blylord
483 843 566 926 llaby
587 844 666 906 eninr
687 843 833 906 Dominus
855 843 1001 914 Jureuis,
1024 843 1161 925 Reginae
1179 843 1262 906 Suae
1275 841 1421 904 Favorita
1435 843 1468 900 et

264 951 315 1034 qui
330 951 567 1015 benevolentiam
583 951 676 1034 Regis
692 951 865 1024 Borussiae,
882 951 1008 1016 Comitis
1023 957 1054 1017 et
1070 951 1249 1016 Comitissae
1264 949 1467 1014 (1111111111-

260 1059 340 1142 berg
360 1061 492 1124 totaliter
513 1059 665 1144 possidet,
688 1059 838 1124 bilancem
855 1060 1149 1144 praeponderantem
1170 1063 1277 1124 contra
1298 1058 1467 1120 antelatum

261 1167 345 1250 llgen
366 1174 468 1240 tenet,
491 1189 526 1234 ac
549 1171 646 1232 omnia
663 1169 756 1232 efficit
772 1169 809 1232 ad
825 1189 903 1252 quae
920 1170 1000 1232 bunc
1015 1169 1190 1232 inclinatum
1206 1189 1268 1231 uon
1282 1187 1358 1230 1111
1372 1165 1468 1235 norit,

261 1281 319 1339 111111
333 1296 389 1361 per
404 1277 637 1348 animositatem,
654 1297 742 1360 quam
758 1283 864 1341 contra
879 1278 969 1341 istum
984 1277 1071 1359 llgeu
1086 1277 1194 1347 babet,
1211 1275 1301 1360 qutm
1317 1273 1468 1357 imprimis

262 1405 298 1448 er
314 1387 465 1469 Principio
481 1387 646 1470 Respectus
669 1393 701 1450 ct
723 1387 850 1457 amoris,
876 1406 935 1469 quo
957 1405 1033 1468 erga
1055 1386 1259 1450 serenitatem
1274 1384 1420 1448 Vestram
1435 1387 1468 1445 et

261 1495 440 1576 llungariuur
462 1495 567 1558 fertur.
599 1495 659 1557 1111
680 1494 813 1576 blylord,
837 1494 1123 1578 Plenipoteutiarius
1146 1494 1234 1556 Pacis
1251 1493 1419 1556 Secundus
1434 1493 1465 1554 in

260 1603 401 1666 Tractatu
415 1601 555 1666 Generali
572 1603 689 1667 1111111111
706 1608 754 1666 est
769 1610 802 1668 et
816 1603 947 1686 spondet
961 1603 1067 1666 1111111
1082 1623 1118 1666 11
1133 1621 1190 1685 pro
1208 1601 1383 1664 Auton'tate
1398 1621 1465 1670 sua,

257 1728 345 1794 quam
367 1707 403 1774 eb
425 1717 561 1794 tempore
583 1709 757 1784 habiturus,
787 1713 1079 1783 demonstraturum,
1106 1718 1218 1794 quanto
1246 1729 1316 1772 cum
1337 1709 1464 1771 terrore

259 1818 378 1882 studeat
401 1818 563 1883 Serenitati
585 1819 713 1882 Vestrae
738 1819 863 1883 studere
886 1819 967 1906 (sic)
989 1821 1071 1883 bunc
1093 1824 1127 1883 111
1150 1818 1188 1881 eb
1209 1819 1307 1899 magis
1330 1817 1362 1879 iu
1383 1815 1464 1879 buna

258 1927 412 1992 voluntate
436 1948 701 2001 conservaremus,
734 1950 804 1994 curn
831 1931 959 1993 Domino
980 1927 1137 1994 Jablcuslri
1163 1935 1282 1991 certum
1310 1925 1465 2011 quoddam

258 2037 508 2100 assecuratorium
540 2039 684 2120 scriptum
715 2038 746 2100 in
776 2037 837 2102 tine
868 2059 1015 2102 annexum
1041 2036 1266 2101 extradidimus.
1314 2035 1464 2098 Domim

258 2141 432 2213 Jablouski,
459 2145 503 2209 uti
526 2145 588 2226 jam
615 2145 645 2208 iu
671 2147 768 2210 literis
794 2148 872 2210 meis
897 2146 1002 2211 ultima
1024 2146 1183 2211 Februarii
1209 2144 1345 2207 Dercliui
1372 2143 1464 2214 datis,

258 2250 420 2314 humillime
442 2251 680 2325 notificaveram,
705 2255 736 2319 iu
751 2255 885 2318 Seruitia
900 2255 1082 2319 Serenitatis
1097 2255 1226 2318 Vestrae
1246 2252 1464 2317 devotissimus

260 2365 324 2432 est,
351 2366 384 2425 ut
404 2366 502 2423 tamen
525 2362 563 2425 ad
586 2383 620 2425 ea
642 2363 763 2426 sincere
787 2362 988 2427 continuanda
1010 2368 1225 2433 conservetur,
1253 2360 1463 2424 necessarium

260 2475 414 2553 putarem,
436 2475 468 2531 ut
484 2469 602 2554 aliquod
618 2471 786 2534 Praemiuun
802 2473 967 2555 acciperet,
987 2477 1020 2536 et
1035 2491 1091 2555 pro
1107 2470 1268 2535 mutuanda
1282 2470 1418 2552 pecunia
1432 2468 1462 2530 iu

259 2583 413 2662 posterum
431 2599 489 2643 non
505 2578 728 2643 sollicitaretur.

351 2687 527 2771 Opportune
556 2685 625 2750 dum
646 2687 723 2752 hacc
746 2688 867 2760 refero,
894 2688 1042 2752 recordor
1064 2688 1317 2752 Excellentissimi
1339 2686 1462 2750 Domini

259 2797 378 2860 Domini
403 2796 526 2861 Comitis
550 2796 717 2880 Bercsenyi
735 2797 832 2884 (Tit)
850 2798 1005 2881 Epistulae
1027 2799 1146 2861 ratione
1170 2797 1395 2877 gualerano
1424 2795 1461 2857 ad

259 2903 394 2967 Eundem
408 2904 493 2967 datae
506 2925 599 2987 super
609 2904 689 2967 bonu
697 2904 929 2969 Jaroslauicnsia
941 2907 1101 2988 pecuniam
1112 2907 1273 2990 acquirere
1285 2904 1357 2968 buic
1370 2904 1461 2988 plane

259 3011 443 3095 impossibile
466 3017 530 3082 est,
556 3017 587 3074 11
606 3011 703 3076 adbuc
719 3013 885 3076 Serenitati
901 3013 1031 3078 Vestrae
1046 3015 1149 3078 forsan
1166 3032 1279 3077 nocere
1294 3019 1417 3095 posset,
1435 3013 1460 3074 si

259 3121 425 3184 resciretur
440 3119 642 3184 serenitatem
657 3120 796 3185 Vestram
817 3123 849 3184 in
869 3129 951 3186 tauta
974 3122 1074 3207 inopia
1097 3141 1183 3192 1111,
1205 3126 1239 3185 ut
1260 3122 1352 3184 etiam
1377 3123 1459 3186 Dour

258 3227 351 3300 haec,
380 3247 456 3312 quae
483 3227 512 3290 in
540 3229 661 3292 Pulonia
693 3234 780 3302 suut,
813 3230 948 3294 uendere
977 3229 1124 3294 intendat.
1168 3229 1284 3293 Suadet
1310 3231 1459 3293 Dominus

260 3335 426 3408 iablonski,
438 3341 481 3407 ut,
496 3335 522 3400 si
536 3337 1242 3411 811111111111111111111111111,011111111111111
1257 3338 1460 3420 expediantur

259 3444 290 3509 iu
305 3446 387 3509 illurn
403 3445 511 3510 Casum
524 3446 672 3511 Pecunias
693 3447 771 3532 apud
787 3447 973 3512 blercatores
999 3467 1052 3511 seu
1075 3447 1265 3532 Capitalistas
1286 3447 1459 3530 comparari

259 3573 360 3638 posse.

349 3663 505 3728 Caeterum
523 3665 640 3749 quando
658 3665 777 3748 quidem
794 3665 951 3730 Serenitas
967 3666 1075 3729 Vestra
1091 3664 1164 3727 mibi
1181 3666 1348 3727 clementer
1371 3683 1458 3732 com-

258 3771 390 3843 miserat,
407 3777 438 3835 ut
454 3792 510 3856 per
525 3773 702 3838 indirectum
720 3775 824 3837 Aulam
840 3775 1068 3838 berolinensem
1084 3773 1239 3858 disponam
1254 3772 1315 3836 buc
1337 3792 1458 3836 mecum

257 3879 288 3942 in
303 3879 481 3963 llungariarn
498 3882 603 3954 mittat,
620 3880 657 3946 ad
675 3883 839 3946 coemenda
851 3883 928 3954 rina,
944 3884 995 3946 bic
1011 3883 1099 3945 adest
1113 3882 1206 3965 Regis
1219 3882 1342 3947 Cellarii
1356 3882 1458 3964 ldagi·

258 3993 331 4061 ster,
348 3990 398 4072 qui
415 3989 494 4074 quod
510 3996 541 4054 et
558 4011 634 4075 quae
650 3990 762 4055 babere
776 3993 918 4074 potuerit,
931 3992 1028 4055 omnia
1040 3995 1130 4061 emet,
1143 3992 1185 4053 ita
1199 3995 1233 4053 111
1247 3991 1274 4054 11
1287 3990 1455 4054 Serenitati

256 4097 384 4162 Vestrae
404 4100 471 4162 uina
490 4099 612 4170 luerint,
631 4119 734 4162 eorum
754 4101 893 4183 pretium,
910 4100 954 4165 uti
965 4100 1123 4163 Serenitas
1131 4099 1239 4163 Vestra
1254 4098 1326 4161 milri
1342 4097 1457 4181 benig·

258 4206 379 4270 nissime
402 4207 602 4279 commiserat,
618 4207 751 4271 Berolini
774 4209 942 4278 1111111111,
965 4211 997 4270 11
1018 4206 1093 4270 adeo
1109 4206 1231 4270 Fundus
1247 4207 1288 4269 sit
1301 4205 1340 4271 ad
1356 4226 1456 4290 nego-

258 4315 398 4380 tiendum.

348 4423 427 4489 Nihil
451 4425 542 4510 igitur
566 4445 643 4488 nunc
668 4431 819 4508 superest,
838 4427 927 4510 quam
942 4431 975 4490 ut
992 4426 1148 4490 Serenitas
1164 4425 1273 4489 Vestra
1289 4425 1455 4487 examinata

257 4530 313 4596 bac
330 4531 410 4596 lideli
426 4538 457 4597 11
472 4533 632 4598 humillima
647 4534 802 4598 Relatione
819 4535 1035 4618 benignissime
1058 4535 1208 4606 resoluat,
1236 4531 1307 4618 quid
1327 4533 1455 4596 ulterius
