3117 5084
309 346 383 416 112

303 523 419 586 initium
435 524 508 588 sccit
523 520 651 586 dicendo
668 522 783 586 Ducem
800 521 839 585 de
854 519 1087 602 llarleborougb
1103 520 1220 604 copiam
1236 518 1393 602 Epistulae
1406 519 1497 581 Sere-

304 633 403 696 nitatis
426 633 552 697 Vestrae
575 631 612 696 ad
634 652 668 694 sc
696 631 783 696 datae
806 650 911 695 secum
933 630 1187 702 communicasse,
1214 629 1387 692 blinistrnnr
1411 627 1496 709 Regis

304 742 464 806 Borussiae
489 741 607 807 nomine
623 739 800 824 Principalis
820 739 866 802 sni
882 738 1044 821 Negotium
1067 737 1126 802 boc
1141 738 1366 802 ferventissime
1381 756 1498 800 recon-

305 851 474 922 mendasse,
490 870 525 913 sc
537 869 608 914 vero
626 869 685 913 non
698 853 758 912 tarn
773 847 873 911 erbis
888 867 976 931 quam
986 867 1061 910 vero
1068 846 1245 910 Christianis
1256 845 1500 930 competentibus

304 959 470 1025 rationibus
479 965 510 1024 et
522 958 665 1043 imprimis
677 957 717 1022 ob
728 956 891 1040 benignam
898 957 1093 1021 Dominarum
1100 975 1222 1020 suorum
1233 976 1309 1039 erga
1316 956 1499 1038 ilungaria

306 1073 436 1133 mentem
451 1068 571 1134 sincere
587 1067 819 1132 allaboraturum
833 1085 872 1130 ue
887 1085 959 1150 spes
975 1069 1008 1129 ct
1029 1064 1210 1130 confidentia
1225 1064 1412 1130 serenitatis
1426 1063 1498 1126 vra

304 1179 335 1242 in
359 1179 473 1243 alliatas
488 1177 640 1243 Potentius
664 1177 843 1249 frustratum
869 1176 936 1258 Ego
956 1175 995 1240 ad
1016 1175 1092 1240 baec
1114 1174 1231 1240 debitas
1253 1174 1376 1258 mado
1400 1179 1499 1257 grates

305 1288 418 1371 scripta
433 1286 509 1351 Duci
525 1286 563 1351 de
579 1285 813 1368 blarleborougb
828 1284 938 1350 tradita
957 1285 1078 1349 mutatis
1099 1285 1247 1349 muandis
1262 1284 1391 1348 exhibui
1406 1285 1499 1346 omnia

305 1394 529 1464 correiterando
546 1399 577 1459 et
592 1395 775 1478 argumentis
791 1394 941 1478 augendo,
953 1413 1031 1479 quae
1046 1393 1125 1478 apud
1137 1395 1253 1459 Ducem
1266 1398 1301 1458 et
1314 1393 1385 1476 ejus
1402 1391 1502 1457 Conb-

305 1506 426 1571 dentem
441 1509 718 1570 remonstrareram.
748 1503 891 1569 Dominus
906 1504 973 1589 ipse
988 1503 1040 1587 qui
1054 1508 1168 1567 tantum
1184 1502 1287 1568 Zelrnn
1301 1508 1337 1568 et
1351 1502 1501 1567 terrorem

306 1634 361 1698 pro
378 1614 549 1678 Serenitate
566 1618 666 1679 restra
682 1633 760 1676 anno
776 1599 941 1698 praeterito
958 1616 1085 1677 testatus
1100 1613 1200 1676 luerat
1213 1633 1252 1677 ex
1266 1618 1338 1697 post
1353 1612 1395 1676 dc
1413 1611 1502 1675 rebus

306 1723 415 1789 nostris
431 1723 554 1788 sinistro
568 1722 745 1788 informatus
761 1743 831 1788 esse
846 1721 928 1786 risus
943 1726 1006 1792 est,
1023 1720 1212 1804 objectiones
1226 1722 1309 1785 enim
1322 1721 1400 1785 malui
1417 1741 1502 1805 quan

307 1831 447 1915 plurimas
459 1831 543 1904 lecit,
557 1831 697 1916 primaria
707 1830 995 1897 Conloederatorum
1006 1831 1111 1914 Capita
1122 1829 1196 1894 nibil
1208 1829 1299 1896 alliud
1315 1831 1376 1894 nisi
1388 1830 1502 1914 privata

307 1941 337 2004 in
354 1941 399 2004 rei
415 1941 543 2006 veritate
559 1961 707 2026 quaerere
722 1962 784 2005 non
799 1939 987 2007 obstantibus
1006 1939 1144 2004 omnibus
1159 1939 1289 2004 sinceris
1304 1940 1501 2026 protestatio·

309 2049 395 2112 nibus
410 2050 597 2133 Religionem
621 2051 762 2116 continue
786 2049 914 2135 opprimi
938 2053 971 2113 et
992 2054 1092 2113 minen
1116 2068 1182 2112 eam
1197 2049 1337 2112 miseram
1353 2048 1500 2133 pratextni

307 2157 422 2220 servire
438 2156 563 2230 debere,
589 2157 774 2223 nobilitatem
790 2158 885 2240 magis
900 2157 1040 2227 cruciari,
1060 2175 1147 2239 quam
1161 2160 1250 2220 antea
1264 2155 1321 2220 sub
1336 2157 1445 2220 Turca
1459 2155 1500 2217 rel
1545 2230 1546 2252 Χ

307 2267 488 2349 Imperatore
511 2287 674 2351 nunquam,
697 2287 747 2332 res
769 2271 887 2331 nostras
910 2266 1035 2350 insuper
1049 2285 1154 2329 omnes
1169 2264 1304 2350 perditas
1319 2286 1394 2330 esse
1410 2266 1498 2330 etr'n
1545 2256 1546 2307 5

308 2375 447 2458 angulum
463 2376 590 2460 aliquem
606 2375 868 2442 Consoederationi
884 2379 1018 2446 restare,
1038 2373 1168 2439 addebat
1183 2379 1333 2438 tamense
1348 2374 1432 2440 baec
1446 2393 1500 2436 non

305 2487 346 2549 ita
361 2505 429 2548 csse
446 2485 590 2557 credere.
613 2485 668 2550 sed
683 2485 833 2570 siquidem
848 2485 927 2550 nulla
942 2505 993 2548 res
1009 2483 1160 2548 remotiori
1175 2484 1287 2568 possit,
1308 2484 1370 2548 uisi
1387 2485 1499 2547 verib-
1545 2486 1546 2531 l

306 2594 374 2659 bilis
390 2594 510 2661 morbus
526 2601 655 2669 constet,
668 2596 872 2660 necessarium
882 2616 917 2658 se
928 2615 998 2659 esse
1009 2594 1165 2678 judicasse
1175 2593 1253 2658 baec
1263 2593 1336 2657 mibi
1350 2593 1499 2676 objicere,
1545 2550 1547 2621 l

308 2709 340 2767 ut
362 2703 476 2768 rideam
499 2705 645 2788 qualinam
665 2704 753 2768 modo
777 2703 919 2768 continue
942 2703 1017 2766 Aula
1040 2703 1189 2767 Caesarea
1212 2702 1369 2767 derebus
1392 2703 1502 2768 ansuis
1546 2688 1547 2763 Ϊ

306 2811 529 2896 Rempublicam
544 2817 575 2876 et
590 2813 705 2877 alliatos
721 2801 876 2876 informari
891 2816 978 2876 curet
983 2833 993 2884 ;
1009 2810 1064 2875 sed
1080 2811 1209 2876 adhaec
1225 2833 1284 2896 ope
1299 2811 1396 2876 divini
1408 2812 1502 2876 nurni-

312 2921 357 2984 nis
373 2925 432 2984 tam
447 2921 542 2986 solide
559 2926 665 2985 ettam
681 2921 837 2986 evidenter
852 2921 1005 3006 respondi,
1017 2920 1098 3004 quod
1112 2920 1179 3005 ipsc
1190 2921 1406 2986 Pensionarins
1422 2943 1502 2985 assc-

309 3049 415 3093 verare
432 3029 581 3114 obligatus
598 3031 668 3103 luit,
690 3051 725 3095 se
742 3031 846 3096 videre
860 3031 1045 3095 Austriacam
1060 3031 1187 3094 Domum
1201 3030 1310 3095 talibus
1326 3030 1502 3095 intolerabi-

310 3137 387 3202 libus
403 3139 582 3212 mendaciis,
601 3139 706 3224 quibus
724 3160 798 3224 erga
813 3139 1037 3224 Rempublicam
1051 3140 1228 3204 Hollandiac
1251 3141 1342 3204 ctiam
1367 3161 1426 3204 usa
1442 3141 1498 3208 init

309 3247 483 3329 injustitiam
498 3269 582 3313 suum
597 3249 763 3314 defendere
778 3250 868 3322 velle,
881 3270 915 3313 sc
927 3254 960 3313 ut
972 3270 1076 3314 verum
1083 3250 1348 3333 Rempublicanum
1359 3250 1500 3314 continue

312 3357 343 3421 in
359 3377 395 3423 co
412 3358 552 3431 futurum,
577 3363 611 3426 ut
626 3380 716 3424 causa
733 3359 913 3423 Serenitatis
928 3359 1055 3423 Vestrae
1071 3363 1102 3422 et
1120 3359 1405 3423 Confoederationis
1420 3379 1501 3423 conr·

309 3467 396 3529 mode
421 3473 625 3533 conservetur.
669 3468 702 3531 ln
733 3468 790 3533 bac
818 3467 1049 3533 sincericatioue
1070 3467 1140 3530 mibi
1163 3467 1350 3532 confidenter
1374 3468 1502 3552 apernit,

310 3575 455 3638 Comitem
475 3576 514 3640 de
537 3577 730 3644 Zinzendorll
748 3577 810 3658 jam
837 3581 907 3642 autc
932 3578 1044 3662 aliquot
1071 3597 1191 3641 menses
1218 3577 1337 3640 nomine
1361 3577 1501 3641 Caesaris

310 3682 481 3748 declarasse
504 3685 594 3750 Suam
619 3686 807 3768 blajestatem
833 3685 1019 3750 informatam
1047 3707 1116 3750 esse
1139 3707 1156 3749 a
1183 3691 1270 3770 parte
1291 3687 1501 3768 liungaronun

310 3791 456 3874 quendam
477 3798 632 3858 venturum
654 3815 688 3860 se
710 3795 830 3860 interim
849 3815 975 3878 sperare
998 3796 1062 3859 Du.
1080 3795 1143 3859 00.
1161 3795 1227 3859 GC.
1244 3813 1312 3859 cum
1326 3793 1500 3858 Rebellibus

312 3899 390 3962 Suae
405 3899 569 3984 blajestatis
585 3904 678 3968 nullas
692 3904 901 3968 Conferentias
917 3903 1088 3974 babituros,
1109 3904 1221 3968 addidit
1232 3905 1446 3968 Pensionarius
1467 3925 1500 3968 se

310 4008 501 4091 respondisse
529 4033 588 4076 non
610 4012 737 4076 credere
760 4033 795 4076 se
819 4013 978 4076 Caesarem
999 4011 1029 4075 in
1054 4013 1285 4077 Sourereuitate
1305 4011 1498 4096 Reipublicae

311 4117 420 4201 aliquid
436 4123 644 4202 praescribere
660 4123 747 4193 velle,
765 4128 796 4186 ct
807 4123 964 4187 Dominum
976 4123 1120 4188 Comitem
1137 4111 1273 4204 rogatum
1290 4143 1360 4186 esse
1375 4141 1417 4185 ue
1432 4123 1498 4185 tali-

316 4224 372 4289 bus
396 4245 462 4291 cum
486 4230 576 4293 rebus
594 4231 855 4295 Commissionibus
879 4252 913 4295 se
936 4232 1072 4313 ingerat;
1094 4251 1147 4294 seu
1171 4235 1205 4294 ut
1220 4230 1336 4294 Gallico
1359 4230 1499 4295 idiomate

312 4333 397 4397 dixit:
421 4335 572 4402 Monsieur
588 4339 616 4402 le
633 4339 737 4402 Comte
754 4344 802 4404 est
816 4341 882 4423 prio
898 4340 937 4404 de
954 4360 992 4403 ne
1007 4360 1041 4402 se
1058 4360 1111 4422 pas
1123 4340 1219 4403 molor
1231 4338 1304 4403 daus
1320 4338 1376 4403 des
1389 4340 1497 4403 choses

316 4463 431 4508 comme
448 4445 589 4532 celle-ey.
618 4447 735 4512 interea
754 4451 853 4512 mmor
871 4447 1061 4512 continuabat
1074 4449 1300 4521 Pensionarius,
1325 4448 1409 4534 quod
1431 4449 1501 4513 lieet

311 4553 491 4636 Respublica
508 4561 611 4621 eontm
627 4562 761 4642 apertum
777 4557 916 4620 insultum
932 4577 979 4621 me
1001 4557 1046 4620 rel
1062 4557 1120 4622 alio
1144 4577 1321 4643 quocunque
1337 4557 1500 4623 Serenitati
