3117 5084
286 325 336 395 64

281 501 473 584 singulariter
485 503 577 587 Regis
589 504 749 568 Rorussiae
762 505 950 589 interpositio
967 509 999 568 ut
1010 506 1058 570 rel
1070 504 1109 569 ob
1122 505 1200 570 banc
1215 506 1310 570 solam
1326 506 1477 572 rationem

283 611 500 676 consentiamus
516 611 547 674 in
563 612 753 697 aequivalens
770 614 986 698 acceptandum
1002 614 1032 676 in
1047 613 1210 696 Hungaria‚
1226 618 1259 678 et
1273 615 1425 700 siquidem
1440 615 1479 678 ab

282 719 366 783 Initio
385 739 503 803 quoque
519 741 576 805 per
588 721 837 803 Transsylvaniae
850 722 1020 785 cessionem
1037 722 1155 786 nonnisi
1170 723 1365 786 securitatem
1377 724 1481 806 pacis-

283 828 448 893 cendorum
465 829 674 912 quaesivimus,
692 830 818 913 perinde
833 829 905 892 mibi
921 833 970 892 est
984 829 1086 894 taliter
1102 835 1153 894 aut
1164 831 1221 894 alio
1236 831 1325 895 modo
1343 831 1480 894 Eandem

283 936 453 1020 acquirere,
469 936 596 1002 subsunt
611 943 712 1002 tamen
729 936 920 1029 difficultates
936 938 1114 1010 solvendae,
1137 942 1168 1002 et
1194 939 1329 1023 inprimis
1358 939 1482 1023 quidem

284 1050 410 1110 noscent
426 1047 531 1130 procul
548 1045 638 1110 dubio
655 1047 745 1110 alliati
758 1047 827 1129 jura
842 1045 1005 1110 liberorum
1022 1050 1151 1111 statuum
1173 1047 1224 1130 qui
1238 1046 1393 1132 principes
1409 1069 1483 1112 suos

283 1153 320 1218 ad
335 1159 563 1220 manutenentes
586 1154 741 1219 libertates
757 1175 828 1219 suas
845 1175 913 1220 cum
928 1153 1148 1220 conditionibus
1159 1155 1329 1236 juramento
1341 1156 1482 1239 obligare

283 1263 392 1337 solent,
410 1262 516 1347 quibus
534 1283 588 1327 nos
611 1263 730 1347 quidem
752 1246 895 1348 respectu
913 1264 1021 1328 borum
1037 1264 1209 1345 Regnorum
1225 1263 1362 1328 adstricti
1378 1285 1483 1329 sumus

283 1392 343 1436 non
361 1393 436 1455 ergo
453 1371 539 1436 nobis
562 1371 643 1456 optio
667 1371 762 1435 libera
786 1376 844 1444 θεῖ,
865 1371 923 1435 nisi
947 1376 1042 1436 status
1068 1371 1240 1454 Regnorum
1269 1375 1484 1438 consenserint

284 1480 363 1564 quod
384 1485 483 1544 tamen
505 1481 535 1544 in
556 1483 698 1544 Tractatu
723 1481 873 1563 agendum
895 1487 945 1544 est
971 1480 1056 1545 etin
1079 1479 1137 1543 boo
1158 1479 1266 1543 lubens
1290 1482 1484 1566 cooperabor

282 1588 372 1652 salvis
389 1589 631 1672 permanentibus
648 1587 796 1653 libertatis
811 1591 984 1671 Regnorum
996 1587 1126 1671 juribus.
1165 1587 1198 1650 ld
1214 1588 1304 1652 etiam
1326 1589 1484 1654 latendum

283 1701 331 1761 est
351 1696 399 1762 vix
421 1717 469 1760 me
492 1697 564 1760 mihi
585 1697 770 1781 persuadere
794 1717 886 1781 posse
907 1696 1027 1760 domum
1049 1697 1226 1760 austriacam
1241 1697 1358 1761 facilius
1374 1700 1407 1762 in
1423 1699 1484 1764 boc

281 1805 467 1889 propositum
480 1806 669 1892 aequivalens
682 1825 770 1892 quam
782 1806 814 1868 in
825 1806 1075 1890 Transsylvaniae
1087 1806 1258 1869 cessionem
1267 1825 1484 1870 consensuram

282 1913 340 1978 boc
356 1915 436 1977 enim
444 1916 506 1997 jam
516 1916 546 1979 in
558 1915 682 1980 formam
695 1914 826 1998 separati
840 1913 962 1997 dominij
975 1914 1130 1978 redactum
1143 1918 1191 1978 est
1206 1921 1238 1978 et
1252 1915 1381 1977 alterum
1396 1915 1484 1979 redi-

283 2021 463 2105 gendum,in
474 2021 545 2088 illud
559 2044 677 2110 quoque
690 2027 911 2088 consenserunt
922 2026 1018 2086 status
1025 2022 1123 2105 Regni
1135 2023 1167 2084 in
1177 2021 1237 2086 boc
1248 2025 1280 2085 ut
1291 2024 1485 2088 consentiant

285 2151 402 2195 omnem
409 2131 553 2216 Lapidem
565 2133 697 2198 movebit
703 2133 815 2197 Caesar
823 2131 891 2216 quia
902 2131 960 2194 imo
978 2130 1005 2194 si
1017 2131 1229 2195 consenserint
1242 2130 1330 2194 etiam
1340 2133 1484 2214 profecto

284 2239 396 2304 fraudis
414 2261 473 2305 non
488 2241 669 2306 sinceritatis
685 2239 768 2305 dabit
784 2244 991 2323 argumentum
1004 2259 1130 2323 sperans
1147 2239 1282 2302 nimirum
1300 2259 1335 2302 se
1351 2238 1483 2304 liberum

283 2349 530 2434 Transsylvaniac
539 2351 708 2436 Principem
720 2351 750 2413 in
762 2350 1040 2414 vicinitateTurcac
1056 2353 1115 2412 tam
1126 2347 1215 2412 facile
1230 2367 1291 2413 non
1306 2348 1482 2416 debellatu-

284 2477 349 2520 rum
367 2477 453 2542 quam
470 2477 536 2522 eum
550 2459 600 2543 qui
613 2459 649 2522 ab
665 2459 722 2523 bac
734 2459 871 2523 Potentia
883 2458 1005 2522 dissitus
1017 2462 1076 2528 est,
1088 2476 1178 2542 quem
1193 2456 1285 2521 alliati
1295 2460 1392 2523 semel
1403 2459 1483 2523 t'acta

282 2567 360 2630 Pace
370 2567 753 2654 nonnisilnstantiisiuvare
765 2571 926 2650 poterunt;
940 2567 1077 2630 Coronae
1084 2566 1165 2628 enim
1172 2565 1332 2630 Polonicae
1344 2566 1482 2632 obtentio

284 2674 399 2739 incerta
415 2681 479 2748 est,
507 2675 548 2738 ita
563 2681 596 2738 et
611 2673 715 2739 domus
738 2675 905 2739 austriacas
923 2675 1053 2759 quamvis
1069 2672 1286 2739 rationabiliter
1311 2676 1482 2759 sperandus

283 2782 442 2855 delectus,
455 2784 611 2868 oppressio
627 2788 727 2846 tamen
744 2788 775 2847 et
787 2784 831 2849 vis
848 2785 914 2867 ejus
931 2783 1017 2847 nimis
1033 2783 1146 2856 vicina;
1158 2783 1240 2846 llaec
1255 2787 1356 2846 tamen
1372 2784 1481 2848 alliatis

283 2891 451 2956 volentibus
474 2893 573 2956 fateor
596 2890 814 2956 accommodari
829 2896 972 2976 poterunt
993 2891 1151 2955 dummodo
1172 2911 1208 2955 se
1229 2890 1362 2955 arbitros
1379 2893 1481 2976 potius

284 3022 372 3087 quam
390 3002 569 3067 mediatores
593 3004 727 3086 agendos
749 3004 932 3067 resolverint
951 3003 1017 3066 sine
1034 3023 1092 3087 quo
1109 3003 1181 3066 nibil
1198 3004 1314 3085 sperari
1330 3007 1436 3087 potest
1451 3010 1482 3069 et

283 3112 319 3175 ad
345 3111 425 3195 quod
446 3111 667 3192 effeetuandum
690 3118 776 3196 rupta
800 3112 886 3174 Pacis
913 3111 1091 3174 universalis
1113 3111 1285 3193 Negotiatio
1309 3113 1480 3195 spaciosum

284 3220 382 3304 aperit
398 3239 544 3304 campum,
560 3220 597 3283 ad
614 3239 699 3304 quam
722 3219 925 3283 reducendam
941 3219 1088 3302 siquidem
1103 3220 1162 3282 Pax
1178 3220 1349 3302 ilungarica
1364 3240 1480 3284 summe

283 3328 476 3392 contribuere
493 3332 604 3413 potest,
621 3328 711 3392 alliati
726 3347 845 3411 quoque
858 3329 928 3411 jure
942 3326 979 3390 ab
991 3328 1175 3411 imperatore
1187 3327 1390 3411 praetendere
1407 3351 1480 3414 pos·

283 3441 353 3500 sunt
368 3437 477 3509 omnia,
495 3441 526 3499 ut
543 3436 733 3518 Colligationi
746 3457 820 3499 suae
835 3437 1013 3521 satisfacere
1029 3437 1135 3519 possit,
1150 3436 1303 3500 lndubium
1325 3437 1416 3501 etiarn
1433 3445 1481 3503 est

278 3544 349 3626 jure
360 3543 560 3607 haereditario
574 3564 745 3627 possessum
757 3544 957 3628 Principatnm
971 3544 1070 3610 domui
1082 3564 1168 3608 meae
1183 3545 1312 3609 futurum
1328 3547 1480 3611 utiliorem

283 3653 362 3738 quod
378 3657 410 3717 et
426 3653 463 3716 de
478 3652 577 3716 Patria
592 3653 680 3717 facile
696 3654 767 3717 mibi
784 3674 991 3739 persuaseram
1004 3655 1058 3718 sed
1070 3659 1181 3738 puncta
1194 3655 1381 3719 Conditionis
1393 3675 1481 3720 meae

282 3767 314 3826 et
329 3761 467 3846 praestiti
483 3762 645 3846 superinde
661 3762 828 3828 duramenti
843 3784 892 3827 mc
908 3785 924 3827 a
940 3764 1085 3850 petitione
1101 3763 1294 3828 baereditatis
1315 3765 1346 3827 in
1361 3766 1480 3830 Trans·

281 3871 412 3954 sylvania
428 3875 603 3935 velaverant
619 3875 650 3934 et
666 3892 744 3938 nunc
762 3893 882 3956 quoque
899 3872 1042 3955 obligatio
1066 3891 1132 3934 mea
1147 3871 1324 3956 Principalis
1347 3893 1397 3937 me
1419 3895 1479 3938 non

281 3979 428 4063 permittit
444 3979 559 4061 eligere
572 3980 637 4042 sine
653 3999 802 4045 consensu
816 3983 949 4064 ipsorum
967 3981 1017 4065 qni
1032 3999 1090 4043 nec
1105 3981 1272 4062 sperandus
1291 3987 1350 4053 est,
1366 3983 1393 4046 si
1409 3985 1479 4067 jura

279 4086 494 4171 libertatesque
504 4107 572 4151 suus
582 4107 640 4151 non
648 4087 859 4171 adipiscantur,
867 4090 1042 4153 utnimirum
1050 4089 1081 4150 in
1088 4108 1160 4151 casu
1169 4087 1481 4174 dandiaequivalentis

282 4195 522 4268 contentationis,
539 4195 596 4260 nisi
612 4195 738 4260 liberum
754 4197 795 4260 sit
817 4198 861 4260 eis
878 4197 1118 4261 Gubernatorem
1140 4201 1191 4260 ant
1206 4202 1239 4260 ut
1253 4202 1363 4262 vocant
1378 4199 1479 4284 Wop-

281 4304 397 4368 wodam
413 4303 529 4388 eligere
547 4306 597 4389 qui
614 4325 630 4368 a
643 4305 876 4369 Commendante
889 4305 1031 4370 Generali
1043 4306 1194 4370 Germano
1207 4306 1415 4390 independens
1428 4309 1478 4380 sit,

281 4414 410 4499 alioquin
427 4435 483 4500 pro
500 4421 584 4480 certo
600 4417 693 4483 turcis
710 4437 744 4481 se
759 4417 891 4482 subdent
906 4419 1004 4502 potius
1022 4435 1108 4502 quam
1125 4417 1283 4481 Germanis
1305 4418 1360 4481 sed
1384 4439 1480 4503 super

279 4522 338 4589 hoc
356 4523 532 4589 retlec‘tendi
549 4525 668 4591 dabitur
685 4527 761 4591 etin
778 4532 931 4610 posterum
949 4527 1069 4591 occasio
1084 4526 1240 4590 dummodo
1256 4526 1478 4672 NeQionis
