3117 5084
1212 356 1259 428 71

159 533 303 617 Quamuis
319 532 413 596 enim:

157 643 192 706 2.
211 644 362 706 Hactenus
378 643 468 704 Arma
486 645 518 704 et
532 638 627 703 robur
643 640 732 705 (laari
747 640 918 706 Moscoriae
934 661 952 704 a
966 641 1101 725 plurimis
1117 646 1221 725 spreta
1237 645 1270 704 et

55 755 243 834 contempta
264 750 368 820 fuere,
394 752 426 813 et
447 748 553 812 exinde
576 749 665 812 etiam
688 749 762 812 bula
785 749 985 815 Wiennensis
1012 750 1123 813 nullum
1151 750 1268 814 oblatae

54 858 260 922 mediationis
277 859 343 941 ejus
356 862 529 940 respectum
542 856 655 922 babere
667 858 730 923 risa
743 859 783 922 sit
794 863 918 941 praeter
929 859 1021 922 totins
1033 858 1172 942 Europae
1184 877 1271 943 spem

54 967 322 1050 triumphantibus
344 966 439 1030 mnis
455 967 529 1051 Ejus
551 966 722 1050 Principem
742 967 824 1030 hunc
846 966 949 1030 dietim
971 965 1270 1032 considerabiliorem

56 1075 268 1140 deventurum
285 1080 432 1158 putamus,
449 1080 481 1139 et
497 1074 605 1138 exinde

159 1184 194 1248 3.
217 1183 389 1248 Noscantes
410 1183 558 1266 Principis
585 1181 674 1265 hujus
703 1200 847 1248 summam
874 1203 948 1265 erga
968 1184 1081 1265 Regem
1103 1182 1266 1246 borussiae

56 1293 236 1357 Amicitiam
251 1293 324 1357 nulli
340 1291 507 1356 dubitamus
524 1308 580 1356 nos
596 1291 716 1356 favente
737 1312 791 1356 aua
806 1291 966 1373 Maiestate
981 1309 1038 1373 per
1053 1310 1122 1356 eum
1137 1291 1267 1372 Negotia

56 1401 178 1465 Nostra
195 1399 378 1465 incaminare
394 1420 496 1484 posse.
528 1399 693 1464 Recordari
708 1399 802 1482 igitur
816 1400 890 1464 velit
906 1401 967 1464 Sua
978 1399 1121 1482 ldajeatas
1137 1399 1267 1483 petimus

57 1509 204 1590 Projeeti
220 1509 317 1574 nostri
333 1529 389 1593 per
412 1509 516 1575 literas
532 1508 659 1573 Nostrae
675 1509 802 1572 Domino
815 1507 989 1574 dablonsalri
1004 1509 1087 1580 facti,
1104 1508 1184 1592 quod
1200 1508 1269 1572 dum

60 1617 129 1682 Sua
144 1618 290 1699 Maiestas
306 1618 406 1683 Rebus
420 1618 586 1701 Europaeis
603 1617 787 1680 conveniens
804 1637 874 1680 esse
887 1617 1044 1699 judicavit,
1061 1617 1133 1680 nibil
1150 1616 1268 1680 facilius

59 1745 160 1810 posse
177 1725 245 1789 lieri
257 1727 425 1810 judicamus
442 1743 529 1810 quam
551 1725 589 1789 ad
608 1727 674 1808 ejus
690 1726 940 1792 Effectuationem
957 1725 1081 1790 Czarum
1096 1724 1270 1788 Moscomae

60 1834 226 1906 inducere,
239 1855 305 1898 cum
318 1854 376 1919 quo
390 1840 421 1899 et
436 1834 555 1898 aliunde
572 1833 659 1898 nobis
676 1833 782 1898 stricta
797 1833 961 1898 intercedit
976 1833 1127 1915 colligatio
1140 1831 1171 1895 in
1184 1833 1269 1914 paci-

60 1941 215 2008 licandam
225 1941 331 2007 officiis
341 1943 403 2006 suis
412 1942 604 2026 llungariam,
614 1946 645 2006 et
656 1944 911 2008 manutentionem
919 1940 1269 2024 nostraminPrincipatu
1401 1973 1409 1992 κ

58 2052 318 2136 Transsylraniae
334 2051 481 2124 tendens,
497 2051 601 2134 vigore
617 2052 704 2134 cujus
721 2050 840 2134 quidem
861 2055 894 2115 at
915 2069 995 2116 nunc
1017 2068 1137 2135 proque
1160 2069 1214 2113 sua
1230 2047 1268 2112 ad

59 2161 172 2226 llulam
187 2159 405 2225 Wiennensem
422 2157 496 2246 (sed
511 2159 596 2224 irrito
613 2157 740 2244 conatu)
755 2158 936 2243 interposuit
951 2157 1061 2223 officia.
1093 2157 1181 2240 Quod
1195 2176 1269 2221 vero

160 2269 313 2352 Quarto,
326 2269 400 2351 Ejus
413 2288 469 2353 per
481 2272 653 2352 apertorum
664 2266 1154 2332 Auxiliornmadministrandornm
1162 2265 1268 2330 decla·

62 2377 218 2441 rationem
231 2378 347 2449 attinet,
359 2398 416 2441 nec
427 2377 477 2442 bic
494 2376 663 2441 defuturum
677 2393 845 2461 speramus,
859 2377 906 2442 rel
918 2375 1043 2439 maxime
1059 2374 1111 2438 ubi
1125 2374 1157 2438 id
1173 2374 1271 2456 ipsum

61 2507 79 2550 a
100 2486 243 2568 Principe
260 2487 356 2550 amico
380 2505 499 2550 suasum
519 2485 626 2558 fuerit,
651 2485 732 2570 quod
753 2491 785 2548 et
808 2485 873 2549 sine
890 2484 1094 2548 declaratione
1109 2483 1187 2546 Belli
1201 2481 1268 2546 tieri

59 2613 159 2678 posse
178 2594 401 2678 judicaremus,
423 2595 449 2658 si
470 2594 629 2658 Exercitus
651 2613 724 2658 suos
745 2612 801 2677 pro
825 2593 987 2678 llybermiis
1009 2593 1046 2655 ad
1068 2611 1164 2674 usque
1180 2590 1268 2655 Paci·

60 2703 239 2768 ficationem
255 2703 426 2786 Hungariae
442 2708 475 2766 et
489 2703 720 2768 destitutionem
737 2702 874 2766 Coronae
890 2703 921 2765 in
937 2701 1078 2766 Silesiam
1094 2700 1269 2772 dislocaret,

58 2811 169 2876 taliter
180 2810 260 2875 enim
272 2810 569 2893 adurgenlibusllem
581 2811 689 2875 alliatis
702 2810 842 2874 facillimo
855 2808 936 2896 (sic)
947 2807 1090 2872 metbodo
1101 2809 1269 2891 Imperator

59 2919 102 2983 ad
114 2920 377 2984 Renuntiationem
387 2919 524 2984 Coronae
536 2920 725 3003 llungarieae
738 2919 925 3003 adigeretur,
937 2919 1004 2982 sine
1017 2917 1096 2981 omni
1109 2916 1268 3001 dispendio

58 3029 259 3102 Alliatorum3
276 3029 367 3093 llsset
381 3028 440 3093 boc

159 3136 306 3219 Quinto,
320 3135 441 3200 Cunctis
449 3135 588 3220 Europae
596 3134 784 3218 Principibus
793 3132 987 3206 conveniens,
995 3132 1027 3196 in
1035 3136 1175 3217 maantam
1183 3131 1267 3196 Reli-

59 3245 191 3329 gicnnm
207 3243 336 3308 fiendam
351 3245 510 3317 unionem,
527 3249 579 3309 aut
593 3243 664 3308 inde
688 3261 850 3324 emergens
865 3243 981 3306 Bellum
1003 3241 1146 3325 respicit,
1171 3239 1265 3304 Caaro

60 3357 140 3421 utile
157 3356 185 3420 si
200 3356 366 3421 'llrrcarum
381 3356 410 3420 ei
425 3357 542 3420 Bellum
557 3375 597 3420 ne
613 3355 678 3419 fors
693 3355 725 3418 in
739 3354 886 3418 Pavorem
902 3353 996 3435 Regis
1012 3352 1139 3417 Sacciae
1163 3350 1265 3414 inten-

58 3466 192 3529 tantium
208 3464 446 3542 consideremus,
460 3469 491 3528 et
501 3464 640 3548 profecto
654 3469 685 3528 et
693 3463 771 3546 Regi
782 3463 942 3527 Borussiae
954 3460 992 3525 ad
1004 3460 1268 3526 conscendendum

60 3573 255 3657 Imperialem
266 3574 420 3638 Thronum
431 3572 558 3657 gradum
570 3576 714 3644 strueret,
727 3571 753 3636 si
765 3571 886 3656 quidem
902 3570 939 3634 ad
955 3574 1044 3634 nutus
1056 3589 1127 3634 suos
1140 3567 1269 3631 baberet

62 3682 236 3747 devinctam
252 3685 297 3746 tot
312 3683 407 3746 titulis
422 3683 574 3747 nationem
589 3682 620 3744 in
637 3679 838 3746 secundandis
854 3677 1071 3743 intentionibus
1088 3677 1162 3748 suis,
1177 3675 1267 3740 facile

63 3792 148 3854 enim
163 3795 213 3855 est
228 3791 406 3874 praevidere
424 3791 504 3874 quod
520 3789 637 3854 etiamsi
653 3789 766 3853 Domus
783 3789 938 3852 austriaca
959 3788 991 3850 in
1006 3805 1080 3851 sexu
1102 3785 1266 3849 masculino

64 3898 229 3970 deficeret,
252 3899 280 3963 ls
302 3903 402 3962 tamen
424 3899 475 3983 qui
490 3899 595 3962 Filiam
610 3897 803 3982 Imperatoris
818 3896 1006 3960 ldatrimonio
1023 3894 1142 3959 duxerit
1151 3893 1266 3958 viribus

63 4007 334 4072 haereditariarum
362 4007 585 4072 Provinciarum
612 4008 696 4072 solus
724 4005 954 4070 considerabilis
986 4003 1111 4075 evadet,
1143 4001 1209 4086 quis
1237 4001 1266 4063 ei

63 4119 221 4182 'l'bronum
236 4117 317 4182 bunc
334 4116 486 4201 disputare
503 4117 636 4200 poterit,
660 4122 691 4180 et
706 4115 783 4179 baec
799 4120 921 4179 secreta
936 4114 1053 4177 ratione
1070 4131 1149 4196 qaae
1162 4110 1266 4174 Aulam

66 4226 288 4290 Wiennensem
317 4225 517 4309 Principatum
544 4224 796 4310 Traussylvaniae
822 4227 904 4288 tanta
932 4221 1133 4286 obstinatione
1160 4237 1266 4281 manu-

66 4342 174 4401 tenere
190 4335 278 4405 facit,
295 4334 376 4398 norit
392 4335 481 4406 enim,
500 4332 581 4418 quod
597 4333 731 4418 quamvis
747 4331 937 4413 Hungaricae
954 4330 1090 4394 Coronae
1105 4330 1266 4411 praetensa

66 4443 244 4509 Haereditas
267 4441 452 4507 solummodo
475 4441 513 4505 ad
535 4461 638 4506 sexum
659 4440 853 4505 masculinum
873 4439 1015 4502 restricta
1036 4437 1076 4502 sit
1089 4455 1150 4498 non
1166 4438 1266 4497 tamen

66 4553 203 4636 llcgrnum
232 4554 264 4616 ct
286 4551 436 4616 nationem
456 4551 572 4616 durium
596 4569 718 4614 sucrum
739 4548 888 4613 dominam
913 4545 1043 4610 futuram
1070 4542 1266 4628 quoadusque
