3117 5084
276 314 332 385 42

273 488 507 575 Marlehorooglr
529 490 689 556 intimioris
706 486 769 555 Viri
791 482 1016 557 Nutiliualoriis'
1029 480 1108 579 (rid.
1131 492 1190 557 Lit.
1209 528 1252 584 -ς
1271 491 1482 559 lntelleximus

272 598 386 662 Ducem
403 597 441 661 de
453 597 686 682 illanleborouglr
702 599 848 663 maturius
864 616 952 682 quam
967 606 1001 664 ut
1016 601 1115 684 ipsum
1125 601 1274 666 Bruxellis
1290 602 1484 687 compellare

274 725 440 789 possemus,
456 708 488 771 in
499 709 635 791 Angliam
651 708 830 780 soluturum,
847 726 937 792 quem
951 713 985 773 ul
995 703 1163 775 Londinum
1179 728 1343 795 sequamur
1357 711 1483 775 additus

274 816 364 879 etiarn
387 816 486 881 suerat
507 814 632 903 passus)
651 834 712 881 non
733 816 864 882 obseure
885 817 1091 883 invitabamur.
1126 820 1279 885 immutata
1301 821 1349 885 sie
1365 820 1482 885 Rerum

275 923 368 995 faeie,
391 926 475 988 Dnus
495 924 669 997 iablonski,
697 926 745 991 oui
774 925 928 992 Bruxellas
954 934 987 992 et
1015 947 1075 992 uon
1097 916 1266 992 bundinum
1292 928 1383 993 adire
1404 928 1483 992 llula

271 1033 466 1115 permiserat,
488 1030 593 1097 dubius
618 1031 782 1105 haerebat,
806 1054 867 1098 nun
888 1034 955 1099 sine
971 1054 1061 1100 eausa
1076 1040 1231 1107 metuens,
1248 1037 1481 1102 Resolutionern

272 1138 474 1205 affirmativum
489 1141 592 1205 Aulam
608 1160 668 1205 non
684 1141 925 1226 approbaturum.
959 1144 1243 1227 Praependeraront
1261 1148 1364 1208 temen
1380 1145 1482 1209 lieso-

213 1260 217 1267 '
272 1248 401 1313 lotiones
412 1266 498 1312 meae
507 1253 539 1313 et
547 1248 755 1313 consideratio
769 1252 957 1334 potissimum
969 1251 1056 1324 liaeo,
1066 1254 1177 1317 omisso
1185 1253 1354 1335 Anglieanu
1364 1253 1482 1315 itinere
1558 1255 1559 1259 ’

271 1361 367 1422 tutum
382 1356 543 1439 Negotium
566 1358 716 1421 ineassum
740 1356 896 1422 reductum
918 1358 956 1422 iri
972 1357 1072 1446 (quod
1090 1365 1123 1425 et
1136 1358 1194 1447 'sie
1209 1359 1398 1447 euenisset),
1414 1362 1482 1425 llux

272 1464 352 1528 enim
363 1461 573 1548 praestolando
586 1464 788 1549 praesentiam
800 1470 942 1539 nostram,
955 1466 1165 1552 neelleglnse,
1177 1487 1236 1533 nee
1247 1468 1284 1533 ll.
1293 1469 1332 1533 ll.
1350 1468 1481 1533 Ordini-

275 1572 332 1635 bus
354 1569 552 1635 Generalihus
573 1570 738 1655 Epistulam
763 1570 946 1645 tradiderat,
968 1574 1061 1637 multu
1091 1576 1190 1639 minus
1210 1575 1268 1640 hae
1289 1574 1329 1639 de
1350 1596 1388 1639 re
1410 1594 1481 1641 eum

275 1684 301 1745 is
323 1679 473 1765 quidpiam
496 1680 733 1752 consulta-seram
756 1680 862 1745 Totius
882 1679 957 1746 faeti
982 1684 1118 1767 speeiem
1134 1678 1250 1767 Mylord
1264 1682 1367 1767 sely,
1389 1700 1480 1769 qoem

276 1795 308 1854 et
338 1809 397 1872 ego
428 1789 620 1873 compellari,
652 1806 709 1872 per
740 1786 875 1852 Eundem
906 1790 998 1854 dulae
1029 1791 1209 1856 Berussieae
1238 1792 1356 1859 meliori
1389 1792 1481 1856 modu

275 1896 483 1963 insinuandum
503 1895 555 1983 (ut
569 1896 619 1960 Lit
634 1893 696 1979 -)
714 1898 910 1981 perscripsit,
934 1916 995 1980 ege
1018 1904 1119 1963 aulem
1141 1899 1172 1962 id
1194 1900 1284 1967 etium
1305 1900 1479 1965 Serenitati

275 2006 372 2077 Vrae,
395 2004 559 2071 seeundum
582 2004 754 2087 obligamen
775 2005 968 2070 humillimum
991 2008 1024 2069 iu
1046 2008 1105 2071 hit.
1125 2042 1170 2055 -
1185 2043 1229 2055 -
1245 2008 1347 2071 retuli.
1380 2008 1480 2092 Igitur

274 2136 331 2200 per
345 2113 531 2179 llullandiam
546 2118 720 2198 sumptuose
736 2114 809 2179 satis
824 2115 881 2179 sed
896 2118 929 2178 et
943 2116 1072 2187 misere,
1089 2115 1217 2180 Canales
1231 2117 1311 2181 euim
1326 2120 1479 2201 congus

276 2229 392 2295 serent,
404 2223 435 2286 in
445 2222 722 2288 liuderdamensem
735 2239 830 2306 usque
838 2223 961 2287 Portum
967 2220 1247 2289 llellesloatsuliluis
1260 2221 1393 2308 proiecti
1405 2226 1480 2290 inde

276 2332 417 2398 solvimus
432 2352 466 2396 ae
482 2331 588 2397 llirina
603 2330 706 2395 Gratia
722 2337 865 2415 suspensio
883 2332 1012 2397 molesto
1034 2332 1139 2397 morbo
1162 2333 1309 2398 maritimo
1323 2335 1478 2418 Anglism,

276 2460 312 2505 ae
334 2439 408 2521 Ejus
432 2440 529 2525 Caput
548 2438 716 2507 Londinum
740 2440 922 2524 intempeste
949 2446 1041 2507 noete
1063 2439 1208 2526 n‘gesina
1232 2442 1347 2508 lleusis
1373 2444 1478 2510 lllart'd

277 2550 452 2635 appulimus.

287 2696 293 2703 -
366 2658 497 2723 Primum
511 2655 554 2721 ibi
570 2655 626 2721 luit
641 2675 715 2742 opus
731 2660 867 2720 nustnuu
882 2654 961 2741 apud
974 2656 1105 2722 lllrruum
1119 2657 1160 2722 de
1175 2657 1356 2733 Cardonnel,
1373 2659 1476 2725 eidem

277 2766 357 2831 enim
366 2783 422 2850 per
428 2763 544 2848 lllylord
550 2764 633 2848 Baby
645 2763 895 2837 commendatum,
902 2785 958 2830 nos
968 2766 1132 2839 insinuare,
1140 2783 1198 2851 per
1209 2782 1299 2851 quem
1306 2768 1364 2833 23.
1373 2768 1476 2834 Martii

277 2892 345 2939 euru
360 2892 449 2939 eumn
461 2890 515 2937 suo
530 2874 563 2937 in
577 2873 742 2945 Pullatium,
760 2874 807 2938 St.
824 2874 927 2939 lomes
941 2873 1065 2947 diemm,
1079 2875 1214 2957 Reginae
1228 2876 1314 2941 simul
1330 2880 1365 2941 et
1379 2877 1476 2942 Duois

277 2983 316 3047 de
337 2980 571 3064 Marleborough
591 2980 810 3054 Residentiam,
833 2985 865 3046 el
884 3002 975 3047 unnim
997 2980 1201 3047 altenomiuati
1222 2984 1314 3049 lluois
1338 2982 1477 3050 Giibiou·

276 3094 373 3157 lorum
388 3090 510 3155 deducti
526 3088 645 3161 luimus,
662 3089 712 3173 qui
729 3090 886 3155 semitatus
899 3090 1014 3154 Eodem
1033 3090 1203 3155 (landunuel
1223 3093 1360 3176 protinus
1375 3092 1476 3158 intra-

277 3202 338 3273 rit,
358 3219 394 3263 ae
416 3198 502 3263 simul
526 3196 731 3283 preveniendo
752 3197 884 3261 sermoni
906 3202 1028 3271 nostro,
1053 3199 1266 3264 humanissime
1289 3199 1475 3266 deelaravit:

278 3328 312 3371 se
336 3312 471 3391 peretum
487 3326 556 3371 esse
571 3305 608 3371 ed
624 3305 804 3391 praestanda
820 3307 943 3390 quaevis
958 3306 1057 3373 offieie
1071 3306 1236 3373 Serenitati
1254 3309 1333 3373 Vrae
1352 3312 1386 3373 et
1401 3309 1476 3375 Sta·

277 3416 368 3487 tilius,
385 3414 473 3482 modo
489 3414 527 3479 de
544 3432 614 3480 vera
630 3414 796 3479 intentione
813 3414 1001 3480 informetur.
1030 3415 1104 3480 lium
1119 3416 1241 3501 quidem
1256 3416 1475 3501 propemodum

278 3544 348 3589 sero
364 3524 425 3606 agi,
441 3543 509 3589 eum
523 3524 586 3587 lieu
601 3523 763 3587 Galliarum
774 3528 812 3587 'el
826 3523 925 3588 Alliati
939 3523 972 3587 in
987 3543 1025 3589 eu
1040 3525 1116 3596 sint,
1132 3529 1168 3589 ul
1182 3523 1241 3589 Pax
1256 3522 1420 3589 Generalis
1436 3544 1475 3588 ne

278 3633 341 3696 sors
357 3630 443 3695 brevi
465 3632 625 3697 coalescat.
664 3632 740 3695 Ante
764 3650 853 3697 uuum
875 3632 923 3696 vel
945 3630 1020 3697 duos
1034 3633 1147 3704 Aunes,
1170 3632 1373 3697 dTraotatus
1387 3632 1475 3699 Puris

278 3758 352 3805 vere
367 3738 509 3823 assumpti
525 3738 663 3811 fuissent,
678 3738 846 3803 lelieiorem
860 3737 929 3803 fieri
944 3740 1079 3823 putruisse
1091 3740 1284 3823 ilungariam,
1301 3757 1379 3825 quae
1395 3742 1474 3808 Pace

279 3848 448 3913 Universali
463 3848 615 3921 concluse,
631 3846 704 3911 nihil
720 3848 785 3933 opis
801 3847 840 3913 ab
851 3848 958 3931 Anglis
972 3853 1006 3913 et
1020 3848 1182 3921 llollundis,
1199 3845 1323 3915 Caesari
1334 3855 1399 3915 trum
1415 3868 1475 3915 nun

279 3957 471 4029 necessariis,
487 3961 649 4041 expectare
660 3956 782 4029 debeat,
798 3958 824 4020 si
836 3976 908 4021 vero
920 3957 1092 4041 ilungariee
1102 3959 1163 4023 iles
1177 3958 1262 4042 prius
1276 3975 1337 4023 non
1351 3976 1474 4026 aueum

279 4067 488 4139 modulentur,
504 4068 549 4131 les
562 4086 689 4151 pauvres
701 4086 778 4150 gens
790 4071 896 4133 serunt
907 4066 1058 4139 crucilien,
1070 4066 1151 4153 quod
1162 4068 1322 4153 aliquoties
1337 4070 1473 4153 repetiit.

281 4174 513 4260 Respondimus:
532 4174 748 4241 Celsitudinem
763 4196 848 4241 suam
861 4178 968 4262 presul
983 4174 1082 4241 Dubio
1097 4175 1279 4240 Serenitatis
1296 4175 1375 4241 Vnae
1390 4176 1473 4241 desi·

281 4284 463 4351 deriumtam
473 4284 796 4359 exserenilalisvrae,
806 4305 895 4370 mam
902 4285 1019 4371 Myloid
1031 4284 1265 4371 Rabylipistolis
1276 4285 1472 4357 intellexisse,

279 4394 393 4460 habene
416 4415 472 4459 nos
493 4393 590 4461 adhue
606 4395 856 4478 Evangelieornm
878 4395 1017 4461 Saluum
1031 4394 1218 4467 reddendas,
1242 4394 1293 4477 qui
1314 4412 1421 4458 omnes
1441 4395 1472 4457 in

281 4503 500 4570 Serenissimae
507 4503 642 4589 Reginae
651 4522 708 4567 neo
716 4524 775 4568 uon
784 4502 977 4569 celsitudinis
988 4522 1061 4569 suae
1070 4502 1282 4569 Generositate
1293 4506 1325 4567 et
1332 4502 1473 4584 Equitute
