3117 5084
1191 352 1268 429 165

72 527 154 592 tirme
180 532 301 613 putant,
329 529 486 614 quoditie
512 530 620 614 prooul
648 528 739 595 dulvio
762 528 794 594 S.
812 530 848 595 V.
872 529 1053 595 luculentius
1079 531 1268 615 perscripsit.

73 637 275 722 Sequentibus
296 638 367 702 dein
387 640 483 723 postis
507 640 640 703 resoluto
664 659 722 724 per
741 640 879 722 reginam
894 640 1021 723 Angtiae
1037 638 1145 703 Miiord
1161 640 1269 703 Peter-

72 745 169 829 iurgii
194 746 373 818 wiennam,
400 748 555 812 'luvinium
572 752 603 812 ot
624 748 817 813 Bareelionas
844 750 972 822 itinere,
996 747 1103 812 Milord
1131 748 1206 813 flam
1233 748 1269 812 sd

71 854 243 921 luerendum
257 860 377 940 tempus
394 856 492 920 eidem
507 859 621 940 Hagam
638 857 784 921 Comitum
809 857 960 941 expedivit
976 857 1097 929 literas,
1116 856 1146 920 in
1164 856 1269 941 qvibvs

74 962 201 1029 eundem
216 966 344 1048 rogavit,
361 969 405 1037 ut,
421 966 448 1028 si
462 966 522 1030 hue
537 966 598 1030 iter
611 966 738 1030 flectere
753 985 815 1030 non
830 966 937 1050 possit,
949 966 1022 1029 mihi
1032 966 1130 1029 locum
1143 963 1271 1049 aliqvem

71 1073 120 1137 ubi
135 1093 204 1138 eum
220 1093 328 1138 secure
349 1074 483 1138 invisere
499 1074 613 1159 qvirem
634 1075 782 1149 destinet,
807 1074 844 1139 ed
865 1094 937 1158 qvas
958 1075 1011 1138 iilo
1032 1073 1065 1137 in
1086 1074 1270 1139 Hoiiandiam

73 1183 195 1247 veniens
223 1183 394 1267 respondit,
421 1204 456 1247 se
480 1204 498 1248 a
519 1184 627 1268 regine
653 1182 772 1248 dominu
795 1202 848 1247 sua
869 1184 1000 1268 positive
1020 1183 1215 1254 instructum,
1238 1188 1270 1247 ut

71 1292 223 1374 negotium
234 1293 437 1376 liungariomn
447 1294 478 1355 in
490 1292 684 1357 viridissimis
696 1292 834 1357 terminis
851 1290 929 1376 apud
946 1292 1042 1356 aulam
1050 1291 1270 1359 Wiennensem

72 1405 189 1482 urgeat,
202 1400 233 1462 in
246 1419 283 1462 eo
299 1400 440 1472 futurum,
457 1406 492 1465 ut
506 1400 695 1466 demonstret
710 1406 852 1485 qvantvm
867 1401 1039 1466 libertatem
1055 1400 1223 1465 secularem
1240 1405 1271 1463 et

73 1508 308 1573 eeclesiasticam
330 1509 415 1574 eordi
436 1509 565 1582 habeat,
588 1528 625 1573 se
640 1510 703 1593 jam
718 1509 778 1574 hoo
801 1511 832 1574 in
848 1530 939 1595 passu
955 1529 1023 1576 oum
1038 1510 1103 1574 Di).
1122 1508 1185 1573 00.
1203 1508 1268 1573 GG.

74 1617 204 1682 loentum
226 1637 295 1681 esse
316 1623 349 1682 et
369 1616 493 1682 eosdem
516 1617 553 1682 ad
575 1618 906 1703 singularem'reginae
928 1618 1155 1703 requisitionem
1171 1616 1270 1682 resol-

73 1726 150 1790 visse
167 1730 202 1791 ut
219 1726 357 1790 minister
372 1746 475 1790 eorum
491 1726 641 1791 Wiennae
657 1728 792 1793 existens
813 1746 848 1791 se
868 1728 974 1811 Anglis
995 1728 1100 1810 iungat
1120 1732 1153 1791 et
1173 1726 1271 1792 omnia

73 1834 119 1897 ilia
137 1840 211 1918 agat
226 1854 301 1919 qvae
317 1855 372 1918 pro
394 1834 609 1901 effeetuatione
631 1836 707 1900 tanti
729 1836 831 1922 operis
852 1835 946 1902 visum
968 1836 1074 1909 fuerin
1098 1856 1132 1899 so
1153 1836 1271 1900 interea

74 1941 175 2006 dolere
201 1943 282 2028 quod
303 1944 429 2026 reginae
450 1945 588 2009 mandata
608 1964 675 2009 enm
691 1966 749 2030 per
763 1943 1014 2010 Dusseldorffium
1030 1950 1064 2009 et
1078 1932 1270 2011 Ratisbonnm

74 2051 129 2115 iter
142 2051 249 2115 faeere
265 2051 402 2135 obligent
417 2058 450 2118 et
465 2053 540 2117 adeo
555 2054 721 2140 impediant
732 2053 841 2119 Milord
853 2052 927 2119 nani
940 2058 1026 2137 grata
1042 2052 1270 2118 conversatione

73 2161 128 2223 frui
139 2166 172 2225 et
184 2181 203 2225 a
215 2180 263 2224 me
279 2166 410 2245 optatam
425 2166 458 2225 et
469 2162 670 2227 neeessariam
681 2163 797 2227 habero
809 2162 1059 2234 informationem,
1074 2181 1159 2247 qvam
1170 2165 1271 2225 tamen

73 2288 105 2332 se
120 2269 274 2335 Wiennae
290 2275 515 2354 expectaturum
531 2271 610 2357 qvod
626 2278 658 2336 et
673 2272 810 2356 protinus
827 2272 938 2337 tantum
954 2271 1025 2344 miv,
1043 2270 1152 2335 asserit
1168 2269 1271 2353 expri-

72 2378 177 2442 mendo
193 2383 318 2462 praeter
339 2381 498 2464 deputatos
520 2381 706 2445 dominorum
726 2384 836 2446 statum
852 2380 1046 2446 Generaiium
1067 2378 1104 2442 de
1120 2376 1274 2442 Bimdorff

7 2573 8 2576 Ἴ
73 2505 171 2550 seeum
194 2487 253 2550 huo
273 2488 305 2552 in
328 2489 453 2552 materia
469 2489 633 2553 contulisse
649 2490 727 2574 qvod
743 2491 813 2555 dein
829 2491 895 2575 ipse
912 2489 1049 2555 dominus
1065 2490 1104 2553 de
1120 2485 1275 2551 Birndorti

7 2607 8 2610 ’
71 2594 100 2657 in
115 2597 177 2661 suis
194 2595 232 2659 ad
248 2597 389 2661 medatis
405 2596 592 2663 confirmavit
606 2603 639 2663 et
650 2599 719 2662 Bar.
738 2597 776 2662 de
791 2600 911 2664 Lintelo
927 2597 1031 2663 itidem
1047 2596 1170 2683 repetiit
1186 2600 1217 2661 et
1233 2595 1271 2660 de

7 2763 8 2766 ,
73 2702 256 2769 dominorum
272 2726 393 2771 suorum
408 2725 506 2791 prono
520 2706 643 2780 affectu,
658 2708 812 2773 voluntate
827 2706 1032 2793 mandatisqve
1048 2706 1106 2771 hoo
1128 2706 1158 2771 in
1181 2725 1270 2791 passu

72 2813 105 2877 ad
126 2834 214 2879 suum
234 2815 403 2880 ministrnm
419 2814 572 2882 Wiennae
594 2815 671 2881 datis
693 2816 727 2881 S.
741 2816 776 2883 V.
794 2818 915 2881 nomine
932 2834 1037 2882 eorum
1058 2814 1096 2879 de
1122 2835 1175 2879 suo
1197 2832 1270 2878 vero

7 2989 9 3010 ἶ
72 2922 183 2989 fervido
198 2925 265 2989 zelo
278 2925 358 2988 omni
366 2944 433 2989 oum
439 2925 634 2990 veneratione
643 2944 821 2990 assecurare
829 2926 926 3011 petiit.
940 2926 984 2989 Ex
991 2924 1038 2988 his
1047 2923 1184 2989 omnibus
1192 2922 1225 2988 S.
1233 2922 1270 2987 V.

7 3019 8 3022 ¹
71 3030 1269 3119 dementissimeetuberrimeooguoseerepotestqvalinammodoiitatenegotia

72 3141 146 3225 apud
160 3140 279 3207 atiiatos
294 3145 402 3227 ooepta
418 3146 451 3205 et
466 3160 541 3225 qvae
556 3142 595 3206 ab
610 3142 648 3206 iis
664 3149 730 3207 aeta
742 3148 775 3207 et
786 3143 919 3207 resoluta
930 3142 1053 3213 tuerint,
1065 3160 1140 3227 qvae
1153 3160 1190 3203 ex
1200 3143 1270 3224 post

71 3248 212 3313 ministris
222 3249 286 3313 suis
297 3249 357 3313 hoo
368 3248 530 3314 estiiilord
539 3250 890 3334 RabietPeterborough
899 3249 1137 3335 persoripserint
1148 3252 1179 3311 et
1193 3266 1269 3331 quae

7 3355 8 3362 ’
72 3357 205 3424 dominns
216 3358 335 3423 Palmes
347 3363 378 3423 et
388 3359 528 3425 Prassiae
542 3361 703 3443 legationis
718 3361 901 3425 secretarius
918 3360 989 3424 dein
1005 3360 1063 3423 huo
1075 3358 1184 3423 Mitord
1196 3358 1269 3422 Rahi

73 3469 355 3533 communicaverint
365 3468 402 3532 ad
413 3468 650 3534 conservandum
659 3488 765 3534 nexum
773 3470 968 3534 terminorum
981 3467 1085 3532 eadem
1097 3468 1147 3531 hio
1157 3466 1269 3531 humit-

72 3576 254 3650 limeaddo,
276 3598 355 3642 nune
375 3576 413 3642 sd
429 3576 634 3663 exponendam
648 3578 706 3643 hae
720 3579 753 3642 in
767 3579 834 3643 anta
850 3577 1020 3643 inchoatam
1037 3583 1068 3641 et
1086 3594 1165 3641 nuno
1181 3576 1271 3641 abso·

73 3686 158 3751 lutam
169 3688 407 3771 negotiationem
418 3688 638 3772 transgredior.
651 3688 764 3753 Mutato
775 3688 826 3752 hio
840 3694 906 3753 erat
917 3706 1019 3753 rerum
1031 3686 1135 3751 faoies.
1154 3687 1271 3770 Supre-

73 3813 132 3860 mus
147 3797 235 3861 auiae
246 3793 461 3861 Meresehatins
474 3796 582 3862 Comes
594 3796 633 3860 de
640 3792 847 3880 Witgenstein
859 3798 995 3882 captivus
1009 3794 1208 3881 Spandaviam
1220 3794 1271 3857 ubi

74 3902 164 3970 adnuo
172 3905 327 3970 detinetur
338 3904 483 3970 abductus
495 3911 527 3971 et
538 3906 698 3990 primarius
709 3910 804 3971 status
813 3907 950 3971 minister
960 3906 1067 3970 Comes
1078 3904 1116 3967 de
1127 3904 1271 3968 Werten·

74 4012 146 4096 berg
160 4033 259 4097 regno
276 4014 360 4077 exire
372 4016 475 4098 iussus
491 4036 596 4079 omnes
608 4016 739 4081 omnium
752 4016 866 4081 animos
880 4016 910 4079 in
923 4034 1071 4099 suspenso
1084 4012 1270 4096 retiqvernnt

7 4193 8 4206 χ
74 4128 103 4187 et
117 4123 291 4206 generaiem
312 4122 539 4188 subseontuvam
560 4124 743 4189 eredebatur
763 4126 974 4199 mutationem
997 4123 1050 4187 sed
1073 4140 1124 4185 res
1140 4119 1266 4183 ulterius

7 4247 8 4318 3
74 4250 130 4295 non
149 4232 315 4317 prooessit,
339 4252 397 4295 nee
419 4232 572 4318 hueusque
592 4239 716 4317 praeter
736 4234 927 4316 nonjeoturas
953 4232 1101 4317 qvidpiam
1124 4230 1202 4293 eerti
1226 4228 1289 4295 de.

7 4325 8 4332 ἵ
76 4358 160 4404 eausa
183 4339 263 4403 exiiii
285 4360 388 4404 eorum
411 4341 549 4406 innotuit
587 4342 703 4406 Primus
722 4342 775 4406 ilie
798 4341 837 4406 de
857 4341 934 4404 maie
956 4338 1169 4405 administratis
1192 4357 1264 4421 pro·

76 4450 209 4513 ventibus
224 4450 392 4533 postulatur
407 4453 440 4512 et
454 4449 552 4512 nimiis
568 4449 778 4516 Exaotionibus
800 4450 942 4535 populum
964 4449 1114 4534 pressisse
1138 4466 1264 4511 anense-

76 4562 121 4619 tnr
134 4560 211 4623 aiter
227 4561 329 4622 neseio
346 4558 416 4643 qvid
430 4558 578 4643 pensavit.
594 4561 758 4624 eommunis
774 4578 873 4624 sermo
898 4565 961 4629 est,
985 4558 1113 4623 eundem
1130 4556 1264 4620 ultimum
