<?xml version="1.0" encoding="UTF-8"?>
<!DOCTYPE html PUBLIC "-//W3C//DTD XHTML 1.0 Transitional//EN"
    "http://www.w3.org/TR/xhtml1/DTD/xhtml1-transitional.dtd">
<html xmlns="http://www.w3.org/1999/xhtml" xml:lang="en" lang="en">
 <head>
  <title>
</title>
<meta http-equiv="Content-Type" content="text/html;charset=utf-8" />
  <meta name='ocr-system' content='tesseract 3.04.00' />
  <meta name='ocr-capabilities' content='ocr_page ocr_carea ocr_par ocr_line ocrx_word'/>
</head>
<body>
  <div class='ocr_page' id='page_1' title='image "./fontesrerumaust22kommgoog_0133.png"; bbox 0 0 3117 5084; ppageno 0'>
   <div class='ocr_carea' id='block_1_1' title="bbox 875 514 928 578">
    <p class='ocr_par' dir='ltr' id='par_1_1' title="bbox 875 514 928 578">
     <span class='ocr_line' id='line_1_1' title="bbox 875 514 928 578; baseline -0.038 0"><span class='ocrx_word' id='word_1_1' title='bbox 875 514 928 578; x_wconf 76' lang='lat' dir='ltr'>at.</span> 
     </span>
    </p>
   </div>
   <div class='ocr_carea' id='block_1_2' title="bbox 507 655 1299 866">
    <p class='ocr_par' dir='ltr' id='par_1_2' title="bbox 507 655 1299 866">
     <span class='ocr_line' id='line_1_2' title="bbox 507 655 1299 740; baseline -0.003 -22"><span class='ocrx_word' id='word_1_2' title='bbox 507 655 726 720; x_wconf 89' lang='lat' dir='ltr'>Schreibcn</span> <span class='ocrx_word' id='word_1_3' title='bbox 750 655 968 722; x_wconf 81' lang='lat' dir='ltr'>Klement&#39;s</span> <span class='ocrx_word' id='word_1_4' title='bbox 992 676 1041 718; x_wconf 92' lang='lat' dir='ltr'>au</span> <span class='ocrx_word' id='word_1_5' title='bbox 1064 656 1299 740; x_wconf 85' lang='lat' dir='ltr'>Bercsenyi.</span> 
     </span>
     <span class='ocr_line' id='line_1_3' title="bbox 565 782 1228 866; baseline -0.002 -21"><span class='ocrx_word' id='word_1_6' title='bbox 565 782 612 845; x_wconf 88' lang='lat' dir='ltr'>De</span> <span class='ocrx_word' id='word_1_7' title='bbox 628 782 737 846; x_wconf 90' lang='lat' dir='ltr'>eodem</span> <span class='ocrx_word' id='word_1_8' title='bbox 754 783 823 847; x_wconf 88' lang='lat' dir='ltr'>dato</span> <span class='ocrx_word' id='word_1_9' title='bbox 840 782 878 846; x_wconf 93' lang='lat' dir='ltr'>ad</span> <span class='ocrx_word' id='word_1_10' title='bbox 895 783 1036 847; x_wconf 89' lang='lat' dir='ltr'>comitem</span> <span class='ocrx_word' id='word_1_11' title='bbox 1050 782 1228 866; x_wconf 79' lang='lat' dir='ltr'>Bercscnyi.</span> 
     </span>
    </p>
   </div>
   <div class='ocr_carea' id='block_1_3' title="bbox 299 941 1512 4610">
    <p class='ocr_par' dir='ltr' id='par_1_3' title="bbox 299 941 1512 4610">
     <span class='ocr_line' id='line_1_4' title="bbox 389 941 1511 1029; baseline -0.002 -23"><span class='ocrx_word' id='word_1_12' title='bbox 389 943 591 1008; x_wconf 82' lang='lat' dir='ltr'>Excellentiae</span> <span class='ocrx_word' id='word_1_13' title='bbox 611 943 670 1008; x_wconf 76' lang='lat' dir='ltr'>V¹¹⁰</span> <span class='ocrx_word' id='word_1_14' title='bbox 695 946 933 1028; x_wconf 72' lang='lat' dir='ltr'>gratiosissime</span> <span class='ocrx_word' id='word_1_15' title='bbox 961 946 1094 1029; x_wconf 66' lang='lat' dir='ltr'>panaris</span> <span class='ocrx_word' id='word_1_16' title='bbox 1121 945 1189 1008; x_wconf 91' lang='lat' dir='ltr'>siue</span> <span class='ocrx_word' id='word_1_17' title='bbox 1215 942 1286 1007; x_wconf 89' lang='lat' dir='ltr'>dato</span> <span class='ocrx_word' id='word_1_18' title='bbox 1314 943 1397 1006; x_wconf 82' lang='lat' dir='ltr'>milri</span> <span class='ocrx_word' id='word_1_19' title='bbox 1427 941 1511 1026; x_wconf 85' lang='lat' dir='ltr'>plane</span> 
     </span>
     <span class='ocr_line' id='line_1_5' title="bbox 299 1047 1511 1137; baseline 0 -25"><span class='ocrx_word' id='word_1_20' title='bbox 299 1049 466 1114; x_wconf 88' lang='lat' dir='ltr'>redduntur</span> <span class='ocrx_word' id='word_1_21' title='bbox 488 1049 556 1114; x_wconf 90' lang='lat' dir='ltr'>dum</span> <span class='ocrx_word' id='word_1_22' title='bbox 577 1051 707 1116; x_wconf 89' lang='lat' dir='ltr'>inclusas</span> <span class='ocrx_word' id='word_1_23' title='bbox 728 1053 783 1117; x_wconf 90' lang='lat' dir='ltr'>has</span> <span class='ocrx_word' id='word_1_24' title='bbox 800 1053 838 1117; x_wconf 89' lang='lat' dir='ltr'>ad</span> <span class='ocrx_word' id='word_1_25' title='bbox 854 1055 1007 1119; x_wconf 84' lang='lat' dir='ltr'>Seren·&#39;·</span> <span class='ocrx_word' id='word_1_26' title='bbox 1022 1053 1195 1137; x_wconf 91' lang='lat' dir='ltr'>principem</span> <span class='ocrx_word' id='word_1_27' title='bbox 1209 1050 1281 1114; x_wconf 90' lang='lat' dir='ltr'>linio</span> <span class='ocrx_word' id='word_1_28' title='bbox 1298 1056 1334 1114; x_wconf 86' lang='lat' dir='ltr'>et</span> <span class='ocrx_word' id='word_1_29' title='bbox 1350 1049 1464 1115; x_wconf 85' lang='lat' dir='ltr'>itineri</span> <span class='ocrx_word' id='word_1_30' title='bbox 1478 1047 1511 1112; x_wconf 82' lang='lat' dir='ltr'>ad</span> 
     </span>
     <span class='ocr_line' id='line_1_6' title="bbox 300 1157 1510 1246; baseline 0 -26"><span class='ocrx_word' id='word_1_31' title='bbox 300 1157 414 1223; x_wconf 92' lang='lat' dir='ltr'>alliatos</span> <span class='ocrx_word' id='word_1_32' title='bbox 437 1179 485 1221; x_wconf 89' lang='lat' dir='ltr'>me</span> <span class='ocrx_word' id='word_1_33' title='bbox 506 1159 649 1242; x_wconf 80' lang='lat' dir='ltr'>accingo,</span> <span class='ocrx_word' id='word_1_34' title='bbox 672 1165 703 1224; x_wconf 91' lang='lat' dir='ltr'>ct</span> <span class='ocrx_word' id='word_1_35' title='bbox 727 1160 964 1246; x_wconf 71' lang='lat' dir='ltr'>quandoquidem</span> <span class='ocrx_word' id='word_1_36' title='bbox 983 1162 1016 1224; x_wconf 91' lang='lat' dir='ltr'>in</span> <span class='ocrx_word' id='word_1_37' title='bbox 1032 1181 1113 1225; x_wconf 91' lang='lat' dir='ltr'>nnnc</span> <span class='ocrx_word' id='word_1_38' title='bbox 1128 1161 1278 1224; x_wconf 88' lang='lat' dir='ltr'>nominata</span> <span class='ocrx_word' id='word_1_39' title='bbox 1294 1159 1335 1223; x_wconf 92' lang='lat' dir='ltr'>ad</span> <span class='ocrx_word' id='word_1_40' title='bbox 1352 1161 1510 1224; x_wconf 72' lang='lat' dir='ltr'>Ser-en·</span> 
     </span>
     <span class='ocr_line' id='line_1_7' title="bbox 301 1265 1511 1353; baseline 0.002 -25"><span class='ocrx_word' id='word_1_41' title='bbox 301 1265 369 1330; x_wconf 89' lang='lat' dir='ltr'>data</span> <span class='ocrx_word' id='word_1_42' title='bbox 384 1267 510 1349; x_wconf 88' lang='lat' dir='ltr'>epistola</span> <span class='ocrx_word' id='word_1_43' title='bbox 525 1267 621 1331; x_wconf 89' lang='lat' dir='ltr'>series</span> <span class='ocrx_word' id='word_1_44' title='bbox 639 1268 767 1331; x_wconf 90' lang='lat' dir='ltr'>omnium</span> <span class='ocrx_word' id='word_1_45' title='bbox 785 1289 889 1334; x_wconf 88' lang='lat' dir='ltr'>eorum</span> <span class='ocrx_word' id='word_1_46' title='bbox 906 1288 982 1352; x_wconf 80' lang='lat' dir='ltr'>quae</span> <span class='ocrx_word' id='word_1_47' title='bbox 996 1269 1154 1353; x_wconf 78' lang='lat' dir='ltr'>hucusque</span> <span class='ocrx_word' id='word_1_48' title='bbox 1169 1273 1236 1333; x_wconf 87' lang='lat' dir='ltr'>acta</span> <span class='ocrx_word' id='word_1_49' title='bbox 1251 1273 1325 1334; x_wconf 84' lang='lat' dir='ltr'>sunt</span> <span class='ocrx_word' id='word_1_50' title='bbox 1340 1269 1511 1352; x_wconf 86' lang='lat' dir='ltr'>reperitur.</span> 
     </span>
     <span class='ocr_line' id='line_1_8' title="bbox 301 1372 1511 1463; baseline -0.001 -27"><span class='ocrx_word' id='word_1_51' title='bbox 301 1393 336 1436; x_wconf 90' lang='lat' dir='ltr'>ea</span> <span class='ocrx_word' id='word_1_52' title='bbox 351 1372 399 1436; x_wconf 92' lang='lat' dir='ltr'>his</span> <span class='ocrx_word' id='word_1_53' title='bbox 415 1374 561 1438; x_wconf 81' lang='lat' dir='ltr'>reiterare</span> <span class='ocrx_word' id='word_1_54' title='bbox 577 1395 834 1458; x_wconf 84' lang='lat' dir='ltr'>supervacaneum</span> <span class='ocrx_word' id='word_1_55' title='bbox 847 1399 917 1442; x_wconf 88' lang='lat' dir='ltr'>esse</span> <span class='ocrx_word' id='word_1_56' title='bbox 930 1377 1035 1460; x_wconf 87' lang='lat' dir='ltr'>judico</span> <span class='ocrx_word' id='word_1_57' title='bbox 1048 1376 1127 1463; x_wconf 81' lang='lat' dir='ltr'>qvod</span> <span class='ocrx_word' id='word_1_58' title='bbox 1139 1398 1177 1441; x_wconf 81' lang='lat' dir='ltr'>ex</span> <span class='ocrx_word' id='word_1_59' title='bbox 1187 1376 1295 1441; x_wconf 87' lang='lat' dir='ltr'>iisdem</span> <span class='ocrx_word' id='word_1_60' title='bbox 1307 1377 1416 1441; x_wconf 81' lang='lat' dir='ltr'>omnia</span> <span class='ocrx_word' id='word_1_61' title='bbox 1428 1376 1467 1439; x_wconf 93' lang='grc' dir='ltr'>Ε.</span> <span class='ocrx_word' id='word_1_62' title='bbox 1477 1373 1511 1437; x_wconf 78' lang='lat' dir='ltr'>l&#39;.</span> 
     </span>
     <span class='ocr_line' id='line_1_9' title="bbox 301 1480 1512 1568; baseline 0.001 -25"><span class='ocrx_word' id='word_1_63' title='bbox 301 1480 424 1544; x_wconf 85' lang='lat' dir='ltr'>uberius</span> <span class='ocrx_word' id='word_1_64' title='bbox 446 1482 637 1547; x_wconf 75' lang='lat' dir='ltr'>innotescere</span> <span class='ocrx_word' id='word_1_65' title='bbox 659 1485 788 1567; x_wconf 86' lang='lat' dir='ltr'>possint.</span> <span class='ocrx_word' id='word_1_66' title='bbox 827 1485 912 1568; x_wconf 83' lang='lat' dir='ltr'>Qvod</span> <span class='ocrx_word' id='word_1_67' title='bbox 934 1505 1008 1549; x_wconf 80' lang='lat' dir='ltr'>uero</span> <span class='ocrx_word' id='word_1_68' title='bbox 1030 1484 1201 1549; x_wconf 88' lang='lat' dir='ltr'>mandatnm</span> <span class='ocrx_word' id='word_1_69' title='bbox 1221 1485 1257 1548; x_wconf 98' lang='grc' dir='ltr'>Ε.</span> <span class='ocrx_word' id='word_1_70' title='bbox 1277 1485 1314 1549; x_wconf 87' lang='lat' dir='ltr'>V.</span> <span class='ocrx_word' id='word_1_71' title='bbox 1339 1483 1512 1564; x_wconf 82' lang='lat' dir='ltr'>benignum</span> 
     </span>
     <span class='ocr_line' id='line_1_10' title="bbox 302 1589 1511 1665; baseline 0.003 -13"><span class='ocrx_word' id='word_1_72' title='bbox 302 1590 417 1662; x_wconf 87' lang='lat' dir='ltr'>attinet,</span> <span class='ocrx_word' id='word_1_73' title='bbox 433 1590 550 1653; x_wconf 89' lang='lat' dir='ltr'>ratione</span> <span class='ocrx_word' id='word_1_74' title='bbox 566 1589 730 1655; x_wconf 86' lang='lat' dir='ltr'>fiendarum</span> <span class='ocrx_word' id='word_1_75' title='bbox 746 1593 776 1656; x_wconf 94' lang='lat' dir='ltr'>in</span> <span class='ocrx_word' id='word_1_76' title='bbox 793 1593 860 1659; x_wconf 91' lang='lat' dir='ltr'>aula</span> <span class='ocrx_word' id='word_1_77' title='bbox 880 1593 939 1658; x_wconf 87' lang='lat' dir='ltr'>hac</span> <span class='ocrx_word' id='word_1_78' title='bbox 959 1594 1261 1665; x_wconf 88' lang='lat' dir='ltr'>remonstrationum,</span> <span class='ocrx_word' id='word_1_79' title='bbox 1283 1591 1357 1655; x_wconf 88' lang='lat' dir='ltr'>dein</span> <span class='ocrx_word' id='word_1_80' title='bbox 1370 1591 1511 1656; x_wconf 72' lang='lat' dir='ltr'>emese</span> 
     </span>
     <span class='ocr_line' id='line_1_11' title="bbox 301 1693 1511 1782; baseline -0.001 -22"><span class='ocrx_word' id='word_1_81' title='bbox 301 1693 347 1760; x_wconf 74' lang='lat' dir='ltr'>Mc</span> <span class='ocrx_word' id='word_1_82' title='bbox 367 1696 622 1770; x_wconf 82' lang='lat' dir='ltr'>insinuandarum,</span> <span class='ocrx_word' id='word_1_83' title='bbox 649 1700 872 1782; x_wconf 86' lang='lat' dir='ltr'>susceptionem</span> <span class='ocrx_word' id='word_1_84' title='bbox 900 1700 1039 1764; x_wconf 89' lang='lat' dir='ltr'>nimirum</span> <span class='ocrx_word' id='word_1_85' title='bbox 1058 1700 1183 1765; x_wconf 86' lang='lat' dir='ltr'>Palatini</span> <span class='ocrx_word' id='word_1_86' title='bbox 1206 1700 1367 1765; x_wconf 84' lang='lat' dir='ltr'>Kiouensis</span> <span class='ocrx_word' id='word_1_87' title='bbox 1395 1696 1511 1760; x_wconf 87' lang='lat' dir='ltr'>nullom</span> 
     </span>
     <span class='ocr_line' id='line_1_12' title="bbox 303 1805 1511 1892; baseline -0.002 -23"><span class='ocrx_word' id='word_1_88' title='bbox 303 1810 478 1870; x_wconf 85' lang='lat' dir='ltr'>attentatum</span> <span class='ocrx_word' id='word_1_89' title='bbox 499 1827 568 1871; x_wconf 89' lang='lat' dir='ltr'>csse</span> <span class='ocrx_word' id='word_1_90' title='bbox 584 1826 640 1890; x_wconf 77' lang='lat' dir='ltr'>qvo</span> <span class='ocrx_word' id='word_1_91' title='bbox 657 1807 786 1872; x_wconf 87' lang='lat' dir='ltr'>amicitia</span> <span class='ocrx_word' id='word_1_92' title='bbox 800 1805 858 1872; x_wconf 66' lang='lat' dir='ltr'>Mn.</span> <span class='ocrx_word' id='word_1_93' title='bbox 874 1809 1008 1873; x_wconf 79' lang='lat' dir='ltr'>Crareae</span> <span class='ocrx_word' id='word_1_94' title='bbox 1024 1810 1125 1892; x_wconf 78' lang='lat' dir='ltr'>frangi</span> <span class='ocrx_word' id='word_1_95' title='bbox 1138 1813 1256 1891; x_wconf 88' lang='lat' dir='ltr'>posset,</span> <span class='ocrx_word' id='word_1_96' title='bbox 1271 1807 1308 1871; x_wconf 91' lang='grc' dir='ltr'>Ε.</span> <span class='ocrx_word' id='word_1_97' title='bbox 1320 1808 1357 1872; x_wconf 88' lang='lat' dir='ltr'>V.</span> <span class='ocrx_word' id='word_1_98' title='bbox 1374 1825 1420 1869; x_wconf 81' lang='lat' dir='ltr'>ex</span> <span class='ocrx_word' id='word_1_99' title='bbox 1435 1805 1511 1868; x_wconf 84' lang='lat' dir='ltr'>meis</span> 
     </span>
     <span class='ocr_line' id='line_1_13' title="bbox 302 1913 1509 2002; baseline 0 -25"><span class='ocrx_word' id='word_1_100' title='bbox 302 1914 339 1977; x_wconf 92' lang='lat' dir='ltr'>ad</span> <span class='ocrx_word' id='word_1_101' title='bbox 355 1913 506 1980; x_wconf 74' lang='lat' dir='ltr'>Seren&#39;&#39;&#39;&#39;</span> <span class='ocrx_word' id='word_1_102' title='bbox 523 1914 599 1980; x_wconf 89' lang='lat' dir='ltr'>datis</span> <span class='ocrx_word' id='word_1_103' title='bbox 621 1915 745 1981; x_wconf 89' lang='lat' dir='ltr'>uberius</span> <span class='ocrx_word' id='word_1_104' title='bbox 761 1917 931 2000; x_wconf 87' lang='lat' dir='ltr'>intelliget,</span> <span class='ocrx_word' id='word_1_105' title='bbox 955 1919 1026 2002; x_wconf 82' lang='lat' dir='ltr'>qvid</span> <span class='ocrx_word' id='word_1_106' title='bbox 1048 1923 1175 1982; x_wconf 88' lang='lat' dir='ltr'>eatenus</span> <span class='ocrx_word' id='word_1_107' title='bbox 1191 1918 1242 1981; x_wconf 86' lang='lat' dir='ltr'>hic</span> <span class='ocrx_word' id='word_1_108' title='bbox 1256 1935 1446 2000; x_wconf 87' lang='lat' dir='ltr'>responsum</span> <span class='ocrx_word' id='word_1_109' title='bbox 1461 1915 1509 1978; x_wconf 85' lang='lat' dir='ltr'>sit</span> 
     </span>
     <span class='ocr_line' id='line_1_14' title="bbox 303 2021 1510 2106; baseline -0.002 -20"><span class='ocrx_word' id='word_1_110' title='bbox 303 2023 376 2106; x_wconf 77' lang='lat' dir='ltr'>Quia</span> <span class='ocrx_word' id='word_1_111' title='bbox 390 2029 490 2088; x_wconf 88' lang='lat' dir='ltr'>tamen</span> <span class='ocrx_word' id='word_1_112' title='bbox 506 2043 580 2106; x_wconf 89' lang='lat' dir='ltr'>opus</span> <span class='ocrx_word' id='word_1_113' title='bbox 596 2022 654 2087; x_wconf 91' lang='lat' dir='ltr'>hoc</span> <span class='ocrx_word' id='word_1_114' title='bbox 670 2025 810 2089; x_wconf 88' lang='lat' dir='ltr'>reiterari</span> <span class='ocrx_word' id='word_1_115' title='bbox 827 2026 945 2090; x_wconf 90' lang='lat' dir='ltr'>omnino</span> <span class='ocrx_word' id='word_1_116' title='bbox 957 2026 1061 2100; x_wconf 90' lang='lat' dir='ltr'>debet,</span> <span class='ocrx_word' id='word_1_117' title='bbox 1074 2026 1167 2090; x_wconf 79' lang='lat' dir='ltr'>cilicii</span> <span class='ocrx_word' id='word_1_118' title='bbox 1178 2026 1239 2090; x_wconf 92' lang='lat' dir='ltr'>mei</span> <span class='ocrx_word' id='word_1_119' title='bbox 1250 2026 1333 2089; x_wconf 82' lang='lat' dir='ltr'>toret</span> <span class='ocrx_word' id='word_1_120' title='bbox 1345 2023 1375 2087; x_wconf 96' lang='lat' dir='ltr'>id</span> <span class='ocrx_word' id='word_1_121' title='bbox 1388 2021 1510 2086; x_wconf 88' lang='lat' dir='ltr'>meliori</span> 
     </span>
     <span class='ocr_line' id='line_1_15' title="bbox 303 2131 1509 2216; baseline -0.001 -21"><span class='ocrx_word' id='word_1_122' title='bbox 303 2132 390 2195; x_wconf 94' lang='lat' dir='ltr'>modo</span> <span class='ocrx_word' id='word_1_123' title='bbox 413 2132 516 2206; x_wconf 88' lang='lat' dir='ltr'>linire;</span> <span class='ocrx_word' id='word_1_124' title='bbox 544 2131 598 2196; x_wconf 90' lang='lat' dir='ltr'>sed</span> <span class='ocrx_word' id='word_1_125' title='bbox 626 2133 774 2216; x_wconf 91' lang='lat' dir='ltr'>impedior</span> <span class='ocrx_word' id='word_1_126' title='bbox 797 2135 962 2201; x_wconf 85' lang='lat' dir='ltr'>rationibus</span> <span class='ocrx_word' id='word_1_127' title='bbox 985 2136 1023 2200; x_wconf 80' lang='lat' dir='ltr'>alr</span> <span class='ocrx_word' id='word_1_128' title='bbox 1050 2136 1116 2200; x_wconf 90' lang='lat' dir='ltr'>aula</span> <span class='ocrx_word' id='word_1_129' title='bbox 1143 2141 1176 2200; x_wconf 93' lang='lat' dir='ltr'>et</span> <span class='ocrx_word' id='word_1_130' title='bbox 1200 2135 1328 2198; x_wconf 93' lang='lat' dir='ltr'>dominis</span> <span class='ocrx_word' id='word_1_131' title='bbox 1356 2131 1509 2196; x_wconf 80' lang='lat' dir='ltr'>ministris</span> 
     </span>
     <span class='ocr_line' id='line_1_16' title="bbox 303 2241 1510 2330; baseline -0.002 -25"><span class='ocrx_word' id='word_1_132' title='bbox 303 2241 453 2306; x_wconf 83' lang='lat' dir='ltr'>extraneis</span> <span class='ocrx_word' id='word_1_133' title='bbox 474 2241 567 2314; x_wconf 89' lang='lat' dir='ltr'>dalis,</span> <span class='ocrx_word' id='word_1_134' title='bbox 592 2241 663 2306; x_wconf 89' lang='lat' dir='ltr'>nihil</span> <span class='ocrx_word' id='word_1_135' title='bbox 681 2244 824 2327; x_wconf 90' lang='lat' dir='ltr'>temporis</span> <span class='ocrx_word' id='word_1_136' title='bbox 841 2244 1028 2328; x_wconf 89' lang='lat' dir='ltr'>perdendum</span> <span class='ocrx_word' id='word_1_137' title='bbox 1044 2265 1116 2309; x_wconf 91' lang='lat' dir='ltr'>esse</span> <span class='ocrx_word' id='word_1_138' title='bbox 1130 2264 1169 2308; x_wconf 91' lang='lat' dir='ltr'>eo</span> <span class='ocrx_word' id='word_1_139' title='bbox 1186 2243 1264 2330; x_wconf 85' lang='lat' dir='ltr'>qvod</span> <span class='ocrx_word' id='word_1_140' title='bbox 1280 2265 1298 2307; x_wconf 92' lang='lat' dir='ltr'>a</span> <span class='ocrx_word' id='word_1_141' title='bbox 1313 2261 1394 2326; x_wconf 88' lang='lat' dir='ltr'>rege</span> <span class='ocrx_word' id='word_1_142' title='bbox 1412 2241 1510 2306; x_wconf 85' lang='lat' dir='ltr'>Galli·</span> 
     </span>
     <span class='ocr_line' id='line_1_17' title="bbox 303 2349 1508 2436; baseline 0 -24"><span class='ocrx_word' id='word_1_143' title='bbox 303 2367 386 2413; x_wconf 90' lang='lat' dir='ltr'>arum</span> <span class='ocrx_word' id='word_1_144' title='bbox 408 2349 626 2432; x_wconf 87' lang='lat' dir='ltr'>praeliminaria</span> <span class='ocrx_word' id='word_1_145' title='bbox 649 2351 733 2433; x_wconf 86' lang='lat' dir='ltr'>pacis</span> <span class='ocrx_word' id='word_1_146' title='bbox 755 2371 851 2436; x_wconf 79' lang='lat' dir='ltr'>usqne</span> <span class='ocrx_word' id='word_1_147' title='bbox 872 2352 911 2416; x_wconf 86' lang='lat' dir='ltr'>ed</span> <span class='ocrx_word' id='word_1_148' title='bbox 932 2353 985 2417; x_wconf 76' lang='lat'>37.</span> <span class='ocrx_word' id='word_1_149' title='bbox 1009 2358 1153 2436; x_wconf 89' lang='lat' dir='ltr'>punctam</span> <span class='ocrx_word' id='word_1_150' title='bbox 1182 2352 1260 2436; x_wconf 74' lang='lat' dir='ltr'>qnod</span> <span class='ocrx_word' id='word_1_151' title='bbox 1290 2350 1328 2414; x_wconf 89' lang='lat' dir='ltr'>ad</span> <span class='ocrx_word' id='word_1_152' title='bbox 1358 2353 1508 2414; x_wconf 73' lang='lat' dir='ltr'>nactatm</span> 
     </span>
     <span class='ocr_line' id='line_1_18' title="bbox 303 2457 1508 2543; baseline -0.001 -20"><span class='ocrx_word' id='word_1_153' title='bbox 303 2460 468 2540; x_wconf 85' lang='lat' dir='ltr'>relegatum</span> <span class='ocrx_word' id='word_1_154' title='bbox 496 2464 544 2522; x_wconf 91' lang='lat' dir='ltr'>est</span> <span class='ocrx_word' id='word_1_155' title='bbox 565 2458 733 2543; x_wconf 89' lang='lat' dir='ltr'>subscripta</span> <span class='ocrx_word' id='word_1_156' title='bbox 757 2465 843 2533; x_wconf 92' lang='lat' dir='ltr'>sunt,</span> <span class='ocrx_word' id='word_1_157' title='bbox 874 2466 905 2527; x_wconf 88' lang='lat' dir='ltr'>et</span> <span class='ocrx_word' id='word_1_158' title='bbox 926 2461 965 2527; x_wconf 91' lang='lat' dir='ltr'>ad</span> <span class='ocrx_word' id='word_1_159' title='bbox 996 2462 1214 2526; x_wconf 90' lang='lat' dir='ltr'>continuandos</span> <span class='ocrx_word' id='word_1_160' title='bbox 1235 2464 1384 2524; x_wconf 86' lang='lat' dir='ltr'>tractatus</span> <span class='ocrx_word' id='word_1_161' title='bbox 1407 2457 1508 2523; x_wconf 78' lang='lat' dir='ltr'>Breda</span> 
     </span>
     <span class='ocr_line' id='line_1_19' title="bbox 304 2565 1506 2652; baseline -0.003 -21"><span class='ocrx_word' id='word_1_162' title='bbox 304 2569 409 2634; x_wconf 85' lang='lat' dir='ltr'>civitas</span> <span class='ocrx_word' id='word_1_163' title='bbox 424 2569 588 2640; x_wconf 90' lang='lat' dir='ltr'>nominata;</span> <span class='ocrx_word' id='word_1_164' title='bbox 604 2568 682 2632; x_wconf 87' lang='lat' dir='ltr'>hanc</span> <span class='ocrx_word' id='word_1_165' title='bbox 698 2569 790 2651; x_wconf 86' lang='lat' dir='ltr'>igitur</span> <span class='ocrx_word' id='word_1_166' title='bbox 802 2569 841 2634; x_wconf 87' lang='lat' dir='ltr'>ob</span> <span class='ocrx_word' id='word_1_167' title='bbox 854 2589 974 2635; x_wconf 89' lang='lat' dir='ltr'>causam</span> <span class='ocrx_word' id='word_1_168' title='bbox 985 2570 1059 2633; x_wconf 87' lang='lat' dir='ltr'>milri</span> <span class='ocrx_word' id='word_1_169' title='bbox 1072 2571 1162 2634; x_wconf 90' lang='lat' dir='ltr'>etiam</span> <span class='ocrx_word' id='word_1_170' title='bbox 1173 2570 1280 2652; x_wconf 78' lang='lat' dir='ltr'>rigore</span> <span class='ocrx_word' id='word_1_171' title='bbox 1292 2565 1506 2632; x_wconf 87' lang='lat' dir='ltr'>instructionis</span> 
     </span>
     <span class='ocr_line' id='line_1_20' title="bbox 303 2674 1506 2764; baseline -0.002 -26"><span class='ocrx_word' id='word_1_172' title='bbox 303 2675 523 2759; x_wconf 90' lang='lat' dir='ltr'>properandum</span> <span class='ocrx_word' id='word_1_173' title='bbox 539 2679 634 2740; x_wconf 88' lang='lat' dir='ltr'>estut</span> <span class='ocrx_word' id='word_1_174' title='bbox 650 2676 786 2742; x_wconf 89' lang='lat' dir='ltr'>dominos</span> <span class='ocrx_word' id='word_1_175' title='bbox 803 2678 918 2743; x_wconf 91' lang='lat' dir='ltr'>alliatos</span> <span class='ocrx_word' id='word_1_176' title='bbox 935 2679 1080 2762; x_wconf 88' lang='lat' dir='ltr'>adurgem</span> <span class='ocrx_word' id='word_1_177' title='bbox 1095 2699 1154 2764; x_wconf 84' lang='lat' dir='ltr'>qvo</span> <span class='ocrx_word' id='word_1_178' title='bbox 1169 2679 1218 2744; x_wconf 82' lang='lat' dir='ltr'>vel</span> <span class='ocrx_word' id='word_1_179' title='bbox 1236 2695 1313 2761; x_wconf 87' lang='lat' dir='ltr'>pace</span> <span class='ocrx_word' id='word_1_180' title='bbox 1328 2674 1506 2760; x_wconf 82' lang='lat' dir='ltr'>particulari</span> 
     </span>
     <span class='ocr_line' id='line_1_21' title="bbox 304 2783 1506 2870; baseline 0.001 -25"><span class='ocrx_word' id='word_1_181' title='bbox 304 2783 374 2847; x_wconf 92' lang='lat' dir='ltr'>dein</span> <span class='ocrx_word' id='word_1_182' title='bbox 389 2784 525 2867; x_wconf 87' lang='lat' dir='ltr'>generali</span> <span class='ocrx_word' id='word_1_183' title='bbox 538 2783 698 2849; x_wconf 91' lang='lat' dir='ltr'>inserenda</span> <span class='ocrx_word' id='word_1_184' title='bbox 710 2787 757 2850; x_wconf 84' lang='lat' dir='ltr'>rel</span> <span class='ocrx_word' id='word_1_185' title='bbox 770 2787 936 2850; x_wconf 90' lang='lat' dir='ltr'>inclusione</span> <span class='ocrx_word' id='word_1_186' title='bbox 947 2788 976 2850; x_wconf 91' lang='lat' dir='ltr'>in</span> <span class='ocrx_word' id='word_1_187' title='bbox 988 2788 1163 2870; x_wconf 89' lang='lat' dir='ltr'>generalem</span> <span class='ocrx_word' id='word_1_188' title='bbox 1175 2785 1287 2850; x_wconf 85' lang='lat' dir='ltr'>bellom</span> <span class='ocrx_word' id='word_1_189' title='bbox 1300 2784 1506 2866; x_wconf 81' lang='lat' dir='ltr'>llungaricrnn</span> 
     </span>
     <span class='ocr_line' id='line_1_22' title="bbox 303 2891 1504 2979; baseline 0 -25"><span class='ocrx_word' id='word_1_190' title='bbox 303 2891 420 2964; x_wconf 87' lang='lat' dir='ltr'>liniant;</span> <span class='ocrx_word' id='word_1_191' title='bbox 442 2893 518 2976; x_wconf 89' lang='lat' dir='ltr'>qvod</span> <span class='ocrx_word' id='word_1_192' title='bbox 543 2892 664 2957; x_wconf 89' lang='lat' dir='ltr'>eosdem</span> <span class='ocrx_word' id='word_1_193' title='bbox 684 2894 830 2979; x_wconf 75' lang='lat' dir='ltr'>siquidem</span> <span class='ocrx_word' id='word_1_194' title='bbox 852 2917 950 2979; x_wconf 88' lang='lat' dir='ltr'>nuper</span> <span class='ocrx_word' id='word_1_195' title='bbox 965 2895 1093 2960; x_wconf 91' lang='lat' dir='ltr'>dominis</span> <span class='ocrx_word' id='word_1_196' title='bbox 1113 2895 1305 2978; x_wconf 80' lang='lat' dir='ltr'>K&#39;ortvelyesi</span> <span class='ocrx_word' id='word_1_197' title='bbox 1333 2899 1366 2956; x_wconf 90' lang='lat' dir='ltr'>et</span> <span class='ocrx_word' id='word_1_198' title='bbox 1386 2891 1504 2955; x_wconf 81' lang='lat' dir='ltr'>Dobczi</span> 
     </span>
     <span class='ocr_line' id='line_1_23' title="bbox 304 3000 1507 3086; baseline -0.001 -24"><span class='ocrx_word' id='word_1_199' title='bbox 304 3000 505 3082; x_wconf 88' lang='lat' dir='ltr'>promiserunt</span> <span class='ocrx_word' id='word_1_200' title='bbox 535 3001 750 3066; x_wconf 87' lang='lat' dir='ltr'>accedentibus</span> <span class='ocrx_word' id='word_1_201' title='bbox 781 3003 866 3086; x_wconf 90' lang='lat' dir='ltr'>regis</span> <span class='ocrx_word' id='word_1_202' title='bbox 892 3004 1053 3068; x_wconf 89' lang='lat' dir='ltr'>Borussiae</span> <span class='ocrx_word' id='word_1_203' title='bbox 1084 3008 1115 3066; x_wconf 91' lang='lat' dir='ltr'>et</span> <span class='ocrx_word' id='word_1_204' title='bbox 1146 3021 1267 3066; x_wconf 90' lang='lat' dir='ltr'>suorum</span> <span class='ocrx_word' id='word_1_205' title='bbox 1297 3002 1507 3065; x_wconf 87' lang='lat' dir='ltr'>ministrorum</span> 
     </span>
     <span class='ocr_line' id='line_1_24' title="bbox 304 3108 1506 3194; baseline 0.001 -23"><span class='ocrx_word' id='word_1_206' title='bbox 304 3108 559 3173; x_wconf 83' lang='lat' dir='ltr'>exhortationibus</span> <span class='ocrx_word' id='word_1_207' title='bbox 581 3116 612 3173; x_wconf 92' lang='lat' dir='ltr'>et</span> <span class='ocrx_word' id='word_1_208' title='bbox 635 3111 739 3194; x_wconf 89' lang='lat' dir='ltr'>scripti</span> <span class='ocrx_word' id='word_1_209' title='bbox 765 3111 825 3173; x_wconf 92' lang='lat' dir='ltr'>mei</span> <span class='ocrx_word' id='word_1_210' title='bbox 846 3111 952 3175; x_wconf 89' lang='lat' dir='ltr'>iisdem</span> <span class='ocrx_word' id='word_1_211' title='bbox 974 3111 1113 3176; x_wconf 87' lang='lat' dir='ltr'>tradendi</span> <span class='ocrx_word' id='word_1_212' title='bbox 1135 3109 1314 3194; x_wconf 87' lang='lat' dir='ltr'>ponderosis</span> <span class='ocrx_word' id='word_1_213' title='bbox 1335 3110 1506 3174; x_wconf 80' lang='lat' dir='ltr'>rationibus</span> 
     </span>
     <span class='ocr_line' id='line_1_25' title="bbox 305 3217 1503 3300; baseline -0.003 -19"><span class='ocrx_word' id='word_1_214' title='bbox 305 3239 340 3282; x_wconf 87' lang='lat' dir='ltr'>ac</span> <span class='ocrx_word' id='word_1_215' title='bbox 362 3217 526 3283; x_wconf 86' lang='lat' dir='ltr'>accedente</span> <span class='ocrx_word' id='word_1_216' title='bbox 547 3219 629 3300; x_wconf 87' lang='lat' dir='ltr'>regis</span> <span class='ocrx_word' id='word_1_217' title='bbox 646 3219 760 3283; x_wconf 89' lang='lat' dir='ltr'>Galliae</span> <span class='ocrx_word' id='word_1_218' title='bbox 776 3220 927 3285; x_wconf 88' lang='lat' dir='ltr'>voluntate</span> <span class='ocrx_word' id='word_1_219' title='bbox 950 3223 1070 3285; x_wconf 91' lang='lat' dir='ltr'>omnino</span> <span class='ocrx_word' id='word_1_220' title='bbox 1090 3221 1224 3285; x_wconf 85' lang='lat' dir='ltr'>facturos</span> <span class='ocrx_word' id='word_1_221' title='bbox 1240 3218 1431 3283; x_wconf 89' lang='lat' dir='ltr'>credendum</span> <span class='ocrx_word' id='word_1_222' title='bbox 1447 3224 1503 3282; x_wconf 84' lang='lat' dir='ltr'>est.</span> 
     </span>
     <span class='ocr_line' id='line_1_26' title="bbox 304 3326 1505 3413; baseline 0.005 -24"><span class='ocrx_word' id='word_1_223' title='bbox 304 3328 422 3389; x_wconf 88' lang='lat' dir='ltr'>interea</span> <span class='ocrx_word' id='word_1_224' title='bbox 439 3332 547 3398; x_wconf 90' lang='lat' dir='ltr'>autem,</span> <span class='ocrx_word' id='word_1_225' title='bbox 563 3331 596 3390; x_wconf 92' lang='lat' dir='ltr'>ut</span> <span class='ocrx_word' id='word_1_226' title='bbox 611 3327 686 3390; x_wconf 89' lang='lat' dir='ltr'>haec</span> <span class='ocrx_word' id='word_1_227' title='bbox 700 3328 874 3413; x_wconf 82' lang='lat' dir='ltr'>exeqrendo</span> <span class='ocrx_word' id='word_1_228' title='bbox 888 3330 1041 3412; x_wconf 87' lang='lat' dir='ltr'>negotium</span> <span class='ocrx_word' id='word_1_229' title='bbox 1053 3329 1178 3393; x_wconf 87' lang='lat' dir='ltr'>Palatini</span> <span class='ocrx_word' id='word_1_230' title='bbox 1190 3326 1361 3393; x_wconf 82' lang='lat' dir='ltr'>liiouiensis</span> <span class='ocrx_word' id='word_1_231' title='bbox 1375 3327 1505 3394; x_wconf 82' lang='lat' dir='ltr'>liniatur.</span> 
     </span>
     <span class='ocr_line' id='line_1_27' title="bbox 305 3433 1505 3521; baseline -0.001 -24"><span class='ocrx_word' id='word_1_232' title='bbox 305 3435 382 3498; x_wconf 89' lang='lat' dir='ltr'>dom.</span> <span class='ocrx_word' id='word_1_233' title='bbox 404 3433 561 3498; x_wconf 77' lang='lat' dir='ltr'>iablonski</span> <span class='ocrx_word' id='word_1_234' title='bbox 584 3437 680 3499; x_wconf 90' lang='lat' dir='ltr'>omnia</span> <span class='ocrx_word' id='word_1_235' title='bbox 702 3436 793 3501; x_wconf 82' lang='lat' dir='ltr'>faciet</span> <span class='ocrx_word' id='word_1_236' title='bbox 814 3457 888 3521; x_wconf 84' lang='lat' dir='ltr'>qvae</span> <span class='ocrx_word' id='word_1_237' title='bbox 909 3440 941 3501; x_wconf 95' lang='lat' dir='ltr'>in</span> <span class='ocrx_word' id='word_1_238' title='bbox 963 3459 996 3502; x_wconf 93' lang='lat' dir='ltr'>se</span> <span class='ocrx_word' id='word_1_239' title='bbox 1019 3440 1118 3503; x_wconf 88' lang='lat' dir='ltr'>t&#39;utura</span> <span class='ocrx_word' id='word_1_240' title='bbox 1139 3443 1226 3510; x_wconf 89' lang='lat' dir='ltr'>sunt,</span> <span class='ocrx_word' id='word_1_241' title='bbox 1247 3441 1281 3499; x_wconf 86' lang='lat' dir='ltr'>et</span> <span class='ocrx_word' id='word_1_242' title='bbox 1300 3441 1446 3500; x_wconf 85' lang='lat' dir='ltr'>eventum</span> <span class='ocrx_word' id='word_1_243' title='bbox 1461 3435 1505 3498; x_wconf 88' lang='lat' dir='ltr'>rei</span> 
     </span>
     <span class='ocr_line' id='line_1_28' title="bbox 305 3542 1505 3626; baseline -0.001 -19"><span class='ocrx_word' id='word_1_244' title='bbox 305 3543 340 3607; x_wconf 92' lang='grc' dir='ltr'>Ε.</span> <span class='ocrx_word' id='word_1_245' title='bbox 358 3543 392 3608; x_wconf 90' lang='lat' dir='ltr'>V.</span> <span class='ocrx_word' id='word_1_246' title='bbox 411 3547 441 3605; x_wconf 92' lang='lat' dir='ltr'>et</span> <span class='ocrx_word' id='word_1_247' title='bbox 458 3542 575 3606; x_wconf 93' lang='lat' dir='ltr'>domino</span> <span class='ocrx_word' id='word_1_248' title='bbox 590 3544 729 3608; x_wconf 92' lang='lat' dir='ltr'>Brenner</span> <span class='ocrx_word' id='word_1_249' title='bbox 745 3546 900 3610; x_wconf 83' lang='lat' dir='ltr'>notificare</span> <span class='ocrx_word' id='word_1_250' title='bbox 917 3567 977 3611; x_wconf 94' lang='lat' dir='ltr'>non</span> <span class='ocrx_word' id='word_1_251' title='bbox 993 3547 1180 3612; x_wconf 87' lang='lat' dir='ltr'>intermittet.</span> <span class='ocrx_word' id='word_1_252' title='bbox 1213 3545 1376 3610; x_wconf 85' lang='lat' dir='ltr'>Caeterum</span> <span class='ocrx_word' id='word_1_253' title='bbox 1392 3564 1431 3606; x_wconf 83' lang='lat' dir='ltr'>ex</span> <span class='ocrx_word' id='word_1_254' title='bbox 1445 3545 1505 3626; x_wconf 89' lang='lat' dir='ltr'>jam</span> 
     </span>
     <span class='ocr_line' id='line_1_29' title="bbox 304 3650 1505 3740; baseline 0 -26"><span class='ocrx_word' id='word_1_255' title='bbox 304 3651 354 3715; x_wconf 84' lang='lat' dir='ltr'>lric</span> <span class='ocrx_word' id='word_1_256' title='bbox 366 3650 488 3716; x_wconf 89' lang='lat' dir='ltr'>inclusis</span> <span class='ocrx_word' id='word_1_257' title='bbox 501 3650 537 3714; x_wconf 92' lang='lat' dir='ltr'>ad</span> <span class='ocrx_word' id='word_1_258' title='bbox 551 3651 701 3716; x_wconf 69' lang='lat' dir='ltr'>Seren¹¹¹⁸¹</span> <span class='ocrx_word' id='word_1_259' title='bbox 713 3653 748 3717; x_wconf 85' lang='lat' dir='ltr'>E.</span> <span class='ocrx_word' id='word_1_260' title='bbox 761 3654 797 3719; x_wconf 88' lang='lat' dir='ltr'>V.</span> <span class='ocrx_word' id='word_1_261' title='bbox 810 3655 915 3720; x_wconf 83' lang='lat' dir='ltr'>uidere</span> <span class='ocrx_word' id='word_1_262' title='bbox 931 3661 1043 3739; x_wconf 88' lang='lat' dir='ltr'>potest,</span> <span class='ocrx_word' id='word_1_263' title='bbox 1059 3675 1146 3740; x_wconf 79' lang='lat' dir='ltr'>quam</span> <span class='ocrx_word' id='word_1_264' title='bbox 1161 3654 1324 3737; x_wconf 90' lang='lat' dir='ltr'>irregulata</span> <span class='ocrx_word' id='word_1_265' title='bbox 1340 3653 1382 3716; x_wconf 91' lang='lat' dir='ltr'>sit</span> <span class='ocrx_word' id='word_1_266' title='bbox 1397 3672 1505 3715; x_wconf 88' lang='lat' dir='ltr'>corre-</span> 
     </span>
     <span class='ocr_line' id='line_1_30' title="bbox 306 3759 1504 3847; baseline -0.002 -24"><span class='ocrx_word' id='word_1_267' title='bbox 306 3760 499 3844; x_wconf 83' lang='lat' dir='ltr'>spondentia,</span> <span class='ocrx_word' id='word_1_268' title='bbox 522 3779 606 3844; x_wconf 89' lang='lat' dir='ltr'>qvam</span> <span class='ocrx_word' id='word_1_269' title='bbox 622 3763 805 3837; x_wconf 88' lang='lat' dir='ltr'>necessarii,</span> <span class='ocrx_word' id='word_1_270' title='bbox 829 3763 949 3829; x_wconf 75' lang='lat' dir='ltr'>vivaces</span> <span class='ocrx_word' id='word_1_271' title='bbox 971 3769 1003 3828; x_wconf 89' lang='lat' dir='ltr'>et</span> <span class='ocrx_word' id='word_1_272' title='bbox 1018 3764 1107 3828; x_wconf 77' lang='lat' dir='ltr'>activi</span> <span class='ocrx_word' id='word_1_273' title='bbox 1123 3764 1225 3847; x_wconf 87' lang='lat' dir='ltr'>utique</span> <span class='ocrx_word' id='word_1_274' title='bbox 1246 3761 1393 3831; x_wconf 85' lang='lat' dir='ltr'>ministri,</span> <span class='ocrx_word' id='word_1_275' title='bbox 1414 3759 1504 3824; x_wconf 86' lang='lat' dir='ltr'>etad</span> 
     </span>
     <span class='ocr_line' id='line_1_31' title="bbox 305 3868 1504 3956; baseline -0.003 -22"><span class='ocrx_word' id='word_1_276' title='bbox 305 3871 380 3934; x_wconf 92' lang='lat' dir='ltr'>haec</span> <span class='ocrx_word' id='word_1_277' title='bbox 402 3869 612 3934; x_wconf 89' lang='lat' dir='ltr'>intertcnenda</span> <span class='ocrx_word' id='word_1_278' title='bbox 633 3890 729 3935; x_wconf 89' lang='lat' dir='ltr'>annua</span> <span class='ocrx_word' id='word_1_279' title='bbox 750 3874 878 3955; x_wconf 89' lang='lat' dir='ltr'>pecunia</span> <span class='ocrx_word' id='word_1_280' title='bbox 902 3894 938 3938; x_wconf 93' lang='lat' dir='ltr'>ac</span> <span class='ocrx_word' id='word_1_281' title='bbox 959 3872 1080 3938; x_wconf 90' lang='lat' dir='ltr'>tandem</span> <span class='ocrx_word' id='word_1_282' title='bbox 1096 3871 1232 3956; x_wconf 90' lang='lat' dir='ltr'>pericula</span> <span class='ocrx_word' id='word_1_283' title='bbox 1247 3869 1353 3954; x_wconf 76' lang='lat' dir='ltr'>qribus</span> <span class='ocrx_word' id='word_1_284' title='bbox 1370 3868 1504 3952; x_wconf 77' lang='lat' dir='ltr'>quotidie</span> 
     </span>
     <span class='ocr_line' id='line_1_32' title="bbox 306 3977 1505 4065; baseline 0.003 -23"><span class='ocrx_word' id='word_1_285' title='bbox 306 3979 463 4044; x_wconf 80' lang='lat' dir='ltr'>evidenter</span> <span class='ocrx_word' id='word_1_286' title='bbox 479 3977 634 4062; x_wconf 88' lang='lat' dir='ltr'>subjectus</span> <span class='ocrx_word' id='word_1_287' title='bbox 651 3999 726 4052; x_wconf 92' lang='lat' dir='ltr'>sum,</span> <span class='ocrx_word' id='word_1_288' title='bbox 740 3981 860 4044; x_wconf 84' lang='lat' dir='ltr'>felicem</span> <span class='ocrx_word' id='word_1_289' title='bbox 877 4002 950 4045; x_wconf 91' lang='lat' dir='ltr'>sane</span> <span class='ocrx_word' id='word_1_290' title='bbox 962 4001 1010 4045; x_wconf 89' lang='lat' dir='ltr'>me</span> <span class='ocrx_word' id='word_1_291' title='bbox 1022 3986 1130 4065; x_wconf 90' lang='lat' dir='ltr'>reputo</span> <span class='ocrx_word' id='word_1_292' title='bbox 1143 3985 1175 4045; x_wconf 88' lang='lat' dir='ltr'>et</span> <span class='ocrx_word' id='word_1_293' title='bbox 1187 3979 1259 4043; x_wconf 92' lang='lat' dir='ltr'>mihi</span> <span class='ocrx_word' id='word_1_294' title='bbox 1271 3997 1343 4044; x_wconf 82' lang='lat' dir='ltr'>uere</span> <span class='ocrx_word' id='word_1_295' title='bbox 1354 3978 1505 4059; x_wconf 82' lang='lat' dir='ltr'>gratulor.</span> 
     </span>
     <span class='ocr_line' id='line_1_33' title="bbox 308 4085 1502 4172; baseline -0.005 -20"><span class='ocrx_word' id='word_1_296' title='bbox 308 4087 385 4172; x_wconf 80' lang='lat' dir='ltr'>qvod</span> <span class='ocrx_word' id='word_1_297' title='bbox 406 4091 464 4152; x_wconf 87' lang='lat' dir='ltr'>tarn</span> <span class='ocrx_word' id='word_1_298' title='bbox 487 4086 640 4151; x_wconf 91' lang='lat' dir='ltr'>commoda</span> <span class='ocrx_word' id='word_1_299' title='bbox 656 4088 726 4150; x_wconf 90' lang='lat' dir='ltr'>mihi</span> <span class='ocrx_word' id='word_1_300' title='bbox 742 4089 908 4172; x_wconf 88' lang='lat' dir='ltr'>porrigitur</span> <span class='ocrx_word' id='word_1_301' title='bbox 924 4091 1043 4154; x_wconf 91' lang='lat' dir='ltr'>occasio</span> <span class='ocrx_word' id='word_1_302' title='bbox 1059 4089 1137 4152; x_wconf 87' lang='lat' dir='ltr'>haec</span> <span class='ocrx_word' id='word_1_303' title='bbox 1152 4088 1188 4152; x_wconf 89' lang='grc' dir='ltr'>Ε.</span> <span class='ocrx_word' id='word_1_304' title='bbox 1204 4087 1240 4152; x_wconf 84' lang='lat' dir='ltr'>V.</span> <span class='ocrx_word' id='word_1_305' title='bbox 1258 4106 1295 4149; x_wconf 82' lang='lat' dir='ltr'>ex</span> <span class='ocrx_word' id='word_1_306' title='bbox 1310 4085 1433 4149; x_wconf 91' lang='lat' dir='ltr'>sincero</span> <span class='ocrx_word' id='word_1_307' title='bbox 1448 4104 1502 4168; x_wconf 94' lang='lat' dir='ltr'>pro</span> 
     </span>
     <span class='ocr_line' id='line_1_34' title="bbox 306 4192 1505 4284; baseline -0.003 -26"><span class='ocrx_word' id='word_1_308' title='bbox 306 4197 400 4279; x_wconf 89' lang='lat' dir='ltr'>patria</span> <span class='ocrx_word' id='word_1_309' title='bbox 417 4195 567 4260; x_wconf 80' lang='lat' dir='ltr'>fidelitatis</span> <span class='ocrx_word' id='word_1_310' title='bbox 584 4215 684 4259; x_wconf 92' lang='lat' dir='ltr'>amore</span> <span class='ocrx_word' id='word_1_311' title='bbox 696 4204 928 4280; x_wconf 88' lang='lat' dir='ltr'>repraesentare</span> <span class='ocrx_word' id='word_1_312' title='bbox 940 4197 1135 4284; x_wconf 77' lang='lat' dir='ltr'>quaeqvidem</span> <span class='ocrx_word' id='word_1_313' title='bbox 1145 4202 1178 4260; x_wconf 91' lang='lat' dir='ltr'>ut</span> <span class='ocrx_word' id='word_1_314' title='bbox 1190 4195 1312 4259; x_wconf 81' lang='lat' dir='ltr'>effectui</span> <span class='ocrx_word' id='word_1_315' title='bbox 1324 4192 1505 4257; x_wconf 90' lang='lat' dir='ltr'>mandentur</span> 
     </span>
     <span class='ocr_line' id='line_1_35' title="bbox 306 4302 1502 4389; baseline -0.007 -18"><span class='ocrx_word' id='word_1_316' title='bbox 306 4305 341 4370; x_wconf 90' lang='grc' dir='ltr'>Ε.</span> <span class='ocrx_word' id='word_1_317' title='bbox 358 4306 393 4371; x_wconf 89' lang='lat' dir='ltr'>V.</span> <span class='ocrx_word' id='word_1_318' title='bbox 410 4325 465 4389; x_wconf 91' lang='lat' dir='ltr'>pro</span> <span class='ocrx_word' id='word_1_319' title='bbox 489 4324 597 4388; x_wconf 89' lang='lat' dir='ltr'>magno</span> <span class='ocrx_word' id='word_1_320' title='bbox 619 4326 673 4368; x_wconf 90' lang='lat' dir='ltr'>suo</span> <span class='ocrx_word' id='word_1_321' title='bbox 698 4305 733 4369; x_wconf 93' lang='lat' dir='ltr'>ad</span> <span class='ocrx_word' id='word_1_322' title='bbox 759 4307 995 4371; x_wconf 83' lang='lat' dir='ltr'>conservandam</span> <span class='ocrx_word' id='word_1_323' title='bbox 1016 4306 1196 4388; x_wconf 85' lang='lat' dir='ltr'>liungariarn</span> <span class='ocrx_word' id='word_1_324' title='bbox 1213 4304 1286 4367; x_wconf 85' lang='lat' dir='ltr'>Zelo</span> <span class='ocrx_word' id='word_1_325' title='bbox 1302 4322 1360 4366; x_wconf 92' lang='lat' dir='ltr'>cen</span> <span class='ocrx_word' id='word_1_326' title='bbox 1376 4302 1502 4386; x_wconf 89' lang='lat' dir='ltr'>primum</span> 
     </span>
     <span class='ocr_line' id='line_1_36' title="bbox 306 4411 1502 4499; baseline -0.003 -21"><span class='ocrx_word' id='word_1_327' title='bbox 306 4415 420 4499; x_wconf 90' lang='lat' dir='ltr'>patriae</span> <span class='ocrx_word' id='word_1_328' title='bbox 440 4415 557 4478; x_wconf 90' lang='lat' dir='ltr'>illustre</span> <span class='ocrx_word' id='word_1_329' title='bbox 577 4414 706 4477; x_wconf 83' lang='lat' dir='ltr'>fulcrum</span> <span class='ocrx_word' id='word_1_330' title='bbox 727 4421 897 4480; x_wconf 90' lang='lat' dir='ltr'>curaturam</span> <span class='ocrx_word' id='word_1_331' title='bbox 916 4415 1042 4481; x_wconf 85' lang='lat' dir='ltr'>firmiter</span> <span class='ocrx_word' id='word_1_332' title='bbox 1063 4414 1171 4488; x_wconf 89' lang='lat' dir='ltr'>eredo,</span> <span class='ocrx_word' id='word_1_333' title='bbox 1196 4431 1231 4478; x_wconf 89' lang='lat' dir='ltr'>ac</span> <span class='ocrx_word' id='word_1_334' title='bbox 1254 4411 1323 4475; x_wconf 88' lang='lat' dir='ltr'>dein</span> <span class='ocrx_word' id='word_1_335' title='bbox 1345 4412 1376 4472; x_wconf 93' lang='lat' dir='ltr'>in</span> <span class='ocrx_word' id='word_1_336' title='bbox 1399 4416 1502 4493; x_wconf 88' lang='lat' dir='ltr'>patro-</span> 
     </span>
     <span class='ocr_line' id='line_1_37' title="bbox 307 4517 1502 4610; baseline -0.006 -22"><span class='ocrx_word' id='word_1_337' title='bbox 307 4523 417 4590; x_wconf 91' lang='lat' dir='ltr'>cinium</span> <span class='ocrx_word' id='word_1_338' title='bbox 432 4544 518 4589; x_wconf 90' lang='lat' dir='ltr'>suum</span> <span class='ocrx_word' id='word_1_339' title='bbox 533 4543 581 4588; x_wconf 89' lang='lat' dir='ltr'>me</span> <span class='ocrx_word' id='word_1_340' title='bbox 596 4529 805 4608; x_wconf 85' lang='lat' dir='ltr'>suscepturam</span> <span class='ocrx_word' id='word_1_341' title='bbox 820 4523 898 4610; x_wconf 87' lang='lat' dir='ltr'>qrod</span> <span class='ocrx_word' id='word_1_342' title='bbox 914 4523 953 4588; x_wconf 91' lang='lat' dir='ltr'>de</span> <span class='ocrx_word' id='word_1_343' title='bbox 968 4523 1077 4590; x_wconf 90' lang='lat' dir='ltr'>eodem</span> <span class='ocrx_word' id='word_1_344' title='bbox 1093 4530 1126 4590; x_wconf 89' lang='lat' dir='ltr'>et</span> <span class='ocrx_word' id='word_1_345' title='bbox 1136 4523 1233 4608; x_wconf 86' lang='lat' dir='ltr'>gratia</span> <span class='ocrx_word' id='word_1_346' title='bbox 1245 4541 1299 4586; x_wconf 88' lang='lat' dir='ltr'>sna</span> <span class='ocrx_word' id='word_1_347' title='bbox 1311 4519 1346 4584; x_wconf 93' lang='grc' dir='ltr'>Ε.</span> <span class='ocrx_word' id='word_1_348' title='bbox 1356 4519 1393 4582; x_wconf 85' lang='lat' dir='ltr'>V.</span> <span class='ocrx_word' id='word_1_349' title='bbox 1407 4517 1502 4583; x_wconf 90' lang='lat' dir='ltr'>adhuc</span> 
     </span>
    </p>
   </div>
   <div class='ocr_carea' id='block_1_4' title="bbox 0 0 1564 5084">
    <p class='ocr_par' dir='ltr' id='par_1_4' title="bbox 0 0 1564 5084">
     <span class='ocr_line' id='line_1_38' title="bbox 0 0 1564 5084; baseline 0 0"><span class='ocrx_word' id='word_1_350' title='bbox 0 0 1564 5084; x_wconf 95' lang='lat' dir='ltr'> </span> 
     </span>
    </p>
   </div>
  </div>
 </body>
</html>
