3117 5084
1209 339 1263 410 63

69 541 125 604 pro
144 527 279 584 exnemo
301 521 435 584 tenuisse
458 539 496 582 ne
513 516 674 581 Christiani
689 516 846 599 Principes
862 515 988 578 credant
1008 536 1056 576 me
1072 515 1211 578 maluisse
1227 514 1265 578 ad

67 629 232 692 Christiani
256 628 383 692 nominis
409 629 525 692 hostem
546 625 645 709 potius
669 645 846 696 recurrere,
869 644 956 707 apuam
971 643 1074 687 eorum
1092 623 1191 687 oblata
1207 644 1264 706 ope

67 738 110 800 uti
128 736 184 800 sed
201 737 239 800 ad
255 736 336 800 illum
352 741 461 802 statum
477 739 680 820 pervenerunt
704 755 753 797 res
779 738 901 796 nostrae
921 736 953 795 ut
975 737 1107 795 inosti-mn
1129 731 1265 796 morbum

66 845 212 908 extremis
229 843 384 908 medicinis
401 864 475 926 opus
491 842 603 906 babcre
620 843 720 906 celare
738 863 796 906 nec
811 860 968 925 possumus
992 860 1050 904 nec
1064 840 1214 911 volumus,
1239 841 1265 904 is

67 973 141 1018 vero
157 953 260 1020 verbis
280 953 376 1018 solum
391 952 489 1016 sanari
512 971 572 1015 non
588 955 699 1035 potest,
716 950 771 1014 scd
786 954 820 1014 ut
835 970 893 1014 nec
908 949 979 1014 binc
994 969 1053 1012 nce
1067 949 1150 1014 illine
1164 949 1264 1031 negli-

66 1082 175 1144 gamus
199 1061 349 1146 quidpiam
371 1059 408 1124 ad
431 1061 661 1126 continuandam
682 1060 924 1144 Negotiationem
947 1060 1104 1124 'l'urcicam
1126 1059 1164 1122 de
1187 1080 1264 1124 novo

67 1169 246 1255 expedimus
268 1169 386 1235 finalem
407 1174 508 1234 nmen
529 1169 694 1235 alliatcrum
718 1169 756 1234 de
777 1169 978 1254 infrascriptis
1005 1187 1093 1252 mam
1121 1167 1265 1234 citissime

68 1283 265 1362 expectamus
288 1284 418 1342 mentem
443 1283 475 1342 ct
495 1279 542 1343 vel
565 1279 691 1342 maxime
706 1279 892 1363 Imperatore
913 1298 981 1342 curn
1001 1277 1165 1342 securitate
1181 1280 1265 1342 Hun-

67 1388 174 1470 gariae
190 1387 348 1472 paciscere
364 1389 485 1452 nolente
502 1387 540 1452 de
558 1388 665 1472 quibus
681 1389 787 1453 mediis
808 1407 876 1452 eum
898 1386 936 1452 ad
947 1389 1030 1471 justa
1045 1386 1187 1469 adigendi
1201 1387 1265 1451 Nos

68 1501 249 1560 assecurant
279 1496 380 1560 alliati.
428 1497 474 1559 Dc
502 1497 644 1562 missione
669 1497 792 1562 Comitis
819 1496 984 1561 Scblieben
1017 1495 1145 1560 necdum
1178 1495 1264 1559 nobis

67 1604 222 1689 quidpiam
239 1603 376 1678 innotuit,
393 1604 420 1678 si
435 1605 660 1689 Propositiones
677 1605 774 1669 factae
791 1605 903 1670 luerint
918 1625 978 1668 non
994 1605 1180 1689 rejicientur,
1197 1605 1265 1689 quia

68 1733 141 1776 vero
166 1717 198 1778 et
220 1714 384 1796 praeterita
406 1713 505 1778 hieme
522 1714 560 1778 de
575 1714 816 1798 reassumptione
831 1717 976 1778 tractatus
991 1713 1134 1777 ministris
1150 1712 1265 1777 media·

66 1820 186 1886 toribus
199 1822 426 1906 scripseramus,
440 1824 521 1886 nullo
533 1828 658 1906 accepto
670 1842 818 1906 responso
829 1822 918 1886 facile
940 1821 1121 1886 adnectimus
1131 1822 1265 1905 lmpera·

67 1928 413 1995 toremdecliuarevelle
425 1931 612 1996 mediationis
625 1931 896 2004 continuationem,
908 1951 967 2014 qua
982 1934 1107 2014 propter
1122 1935 1156 1993 ut
1170 1931 1264 1994 semel

66 2039 243 2104 inchoatum
270 2039 429 2122 Negotium
460 2041 491 2102 in
522 2038 571 2103 filo
604 2044 636 2104 et
661 2040 796 2104 Tramite
826 2040 1018 2104 continuetur
1043 2040 1091 2103 vel
1124 2038 1264 2122 optimum

62 2147 253 2231 judicarem,
280 2153 313 2212 ut
339 2148 520 2212 mediatores
540 2154 644 2233 partes
664 2148 702 2212 ad
722 2150 897 2213 Tractatum
922 2148 1061 2221 invitent,
1088 2148 1155 2212 aula
1185 2147 1265 2210 enim

67 2256 271 2322 Wiennensis
282 2255 494 2340 progressibus
506 2258 569 2322 suis
582 2259 660 2322 elata
671 2257 896 2341 Propositioncs
912 2262 1032 2321 nostras
1047 2255 1265 2322 debellatorum

65 2363 297 2448 supplicationis
314 2365 380 2428 loco
397 2364 530 2438 babebit,
547 2371 578 2429 et
595 2386 649 2430 nos
666 2366 702 2430 ad
719 2371 852 2430 extrema
867 2365 989 2431 adactos
1005 2365 1064 2428 sibi
1079 2364 1266 2448 persuadens

65 2473 194 2538 victoris
216 2475 302 2555 leges
317 2474 512 2558 perscribere
533 2473 679 2547 intendet,
695 2476 812 2540 interea
828 2481 928 2540 tamen
944 2474 981 2538 ad
996 2472 1218 2538 secundandnm
1234 2474 1266 2536 iu

65 2583 127 2646 boc
141 2582 382 2665 qucquePuncto
395 2583 561 2648 alliatorvun
573 2583 769 2648 intentionem
782 2584 853 2648 nibil
867 2583 1047 2674 omittemus.
1063 2581 1109 2645 Ad
1121 2581 1152 2646 3.
1165 2581 1266 2644 mbari

65 2711 124 2754 nos
147 2695 290 2775 opportet
311 2691 350 2754 de
373 2693 603 2777 'l'ranssylvania
631 2697 771 2758 mutatam
800 2691 1014 2776 quodammodo
1042 2711 1112 2756 csse
1135 2695 1266 2755 mentem
1285 2743 1290 2748 .

66 2799 264 2862 Dominarum
289 2800 472 2873 alliatorum,
500 2801 551 2886 qui
578 2802 615 2865 ad
646 2803 756 2886 primas
788 2802 1015 2885 Prnpcsitiones
1045 2806 1161 2867 vestras
1191 2801 1265 2882 Ejus

66 2907 357 2972 demembrationem
370 2909 479 2991 justam
497 2915 529 2973 et
545 2931 670 2994 aequam
687 2931 742 2995 pro
759 2931 794 2974 re
810 2931 930 2994 quoque
946 2911 1080 2993 lpsorum
1097 2930 1166 2974 esse
1182 2910 1266 2993 judi-

64 3020 175 3080 cantes
190 3035 247 3098 per
263 3016 366 3080 literas
382 3017 499 3081 Domini
515 3017 672 3083 ,lablonslxi
691 3020 762 3102 jure
778 3039 898 3103 quoque
914 3019 1151 3084 Scuverenitatis
1165 3019 1265 3102 possi·

65 3123 199 3188 dandam
211 3145 259 3186 me
272 3125 312 3188 ita
324 3125 444 3190 volente
458 3127 701 3207 adjudicaverant
713 3148 767 3191 seu
783 3127 960 3192 rationabile
976 3148 1047 3192 esse
1063 3126 1264 3200 crediderant,

65 3251 149 3298 nune
162 3251 235 3297 vero
251 3252 423 3318 supponere
435 3234 574 3298 videntur
586 3256 686 3300 casum
698 3236 881 3300 intervenire
894 3257 986 3320 posse
998 3237 1151 3301 absolutae
1162 3237 1264 3300 Dene-

63 3341 213 3424 gationis,
235 3343 314 3407 unde
330 3343 525 3408 manifestum.
539 3343 608 3406 mihi
626 3343 744 3408 videtur
759 3345 832 3407 Rem
854 3345 970 3409 alliatos
985 3351 1100 3409 tantum
1115 3345 1265 3426 instantijs

64 3449 198 3532 aggredi
214 3451 292 3515 velle
309 3472 382 3536 quas
398 3452 520 3535 praevie
536 3453 599 3516 scio
614 3452 817 3516 infructuosas
834 3453 950 3518 futuras
971 3473 1026 3518 seu
1047 3453 1085 3516 de
1100 3455 1265 3537 Transsyl-

64 3559 154 3622 vania
171 3578 225 3622 seu
243 3559 280 3622 de
297 3560 504 3644 aequivalente
520 3567 636 3643 agatur,
653 3562 719 3626 aula
736 3562 815 3624 enim
829 3562 1021 3625 Wiennensis
1033 3562 1265 3644 interessetique

66 3667 143 3749 Ejus
160 3667 286 3731 ministri
304 3689 452 3753 nunquam
468 3670 616 3734 benevole
639 3671 800 3752 adigentur
821 3670 858 3733 ad
874 3690 910 3733 ea
926 3691 1002 3752 quae
1017 3671 1151 3754 ipsorum
1166 3670 1264 3734 avam-

65 3777 139 3840 tiam
164 3775 289 3840 eludere
310 3783 446 3861 possent,
469 3779 548 3863 quod
571 3779 707 3844 eveniret
729 3781 755 3843 si
769 3781 829 3842 Pax
846 3779 1013 3861 lluogariac
1028 3780 1081 3843 tali
1102 3780 1264 3844 securitate

65 3881 255 3948 stabiliretur
274 3904 350 3967 quae
366 3885 464 3949 libero
480 3887 612 3970 ipsorum
628 3875 764 3951 Dominio
781 3888 927 3953 resistere
943 3892 1058 3971 posset,
1075 3888 1265 3971 Quapropter

66 4011 229 4056 necessum
245 3997 341 4058 estut
357 3993 467 4057 domini
483 3994 574 4059 alliati
590 3996 620 4058 in
636 3996 692 4059 hac
709 3996 834 4059 materia
852 3996 998 4059 rationem
1009 3997 1264 4080 status‘Eoropaei

67 4100 298 4166 considerantes
320 4101 356 4166 ad
381 4122 417 4166 ea
437 4122 471 4167 se
493 4110 674 4187 praeparent
696 4103 794 4168 media
816 4104 924 4187 quibus
946 4103 1086 4168 adhibitis
1102 4103 1263 4168 infallibilis

68 4215 195 4274 eventus
211 4208 355 4294 subsequi
376 4213 486 4295 possit,
510 4231 585 4296 quac
608 4214 681 4297 ipsis
702 4213 871 4277 volentibus
896 4215 1033 4298 profecto
1054 4233 1115 4278 non
1135 4213 1265 4277 deerunt

69 4325 101 4386 et
129 4318 295 4402 exemplum
322 4320 354 4382 in
380 4321 469 4384 Patro
497 4322 632 4386 moderni
654 4323 746 4405 Regis
773 4323 934 4386 Bornssiae
961 4341 1080 4407 quoquc
1107 4321 1261 4394 babemus,

67 4449 126 4513 quo
150 4428 242 4493 invito
260 4428 358 4494 Sveeo
375 4429 522 4494 dederunt
538 4431 740 4496 Pomeraniam
767 4431 890 4515 quiade
912 4449 945 4494 rc
967 4429 1115 4494 communi
1137 4449 1263 4515 aequam

68 4557 138 4604 esse
151 4537 370 4622 judicaverant.
403 4538 447 4602 Ad
464 4536 495 4601 4.
513 4538 585 4602 moti
602 4559 701 4604 coram
719 4539 806 4603 nobis
827 4544 874 4603 est
893 4538 1035 4621 ponderis
1051 4539 1215 4604 alliatorum
1231 4546 1263 4605 et
