3117 5084
646 605 698 668 56.

160 746 383 812 Schreiben
407 745 620 830 dedcny's
644 767 691 810 an
714 747 838 810 Baron
862 765 932 812 ron
956 744 1194 810 Scbmettan.

399 873 611 943 Sacranos,
635 873 693 938 30.
715 873 804 954 bug.
831 870 945 934 t'llt).

295 1033 601 1100 Excellentissimos!

170 1141 309 1226 Quamvis
338 1141 455 1206 abunde
485 1147 573 1207 notus
596 1141 669 1207 mibi
690 1141 730 1205 sit
752 1140 945 1206 serenissimi
968 1140 1060 1224 Regis
1085 1139 1202 1204 Domini
1230 1139 1276 1203 sni

74 1249 229 1333 benignus
246 1249 370 1322 animus,
388 1251 438 1336 qui
455 1249 670 1316 calamitatibus
687 1247 785 1333 Regni
796 1249 885 1332 hujus
897 1253 1062 1314 commotus
1073 1248 1276 1313 Excellentiae

75 1379 197 1444 quoque
211 1359 337 1424 Vestrae
351 1357 472 1442 negotia
488 1363 589 1422 nostra
606 1357 810 1422 favorabiliter
825 1356 1027 1444 promovenda
1042 1355 1176 1440 benigne
1193 1376 1276 1420 com-

76 1467 176 1539 misit,
200 1467 373 1552 particulari
396 1473 495 1531 tamen
518 1467 724 1533 Excellentiae
746 1467 875 1533 Vestrae
899 1466 1019 1532 affectui
1041 1487 1161 1553 quoque
1190 1486 1278 1552 ᾳιιειιιι

76 1576 238 1660 plurimum
254 1576 384 1641 attribuo
400 1576 504 1641 sedula
523 1575 621 1642 officia
640 1598 693 1640 sua
711 1575 820 1660 quibus
835 1577 982 1641 hactenus
998 1597 1049 1640 res
1066 1596 1147 1640 meas
1164 1595 1276 1640 secun-

76 1683 151 1749 dare
167 1683 290 1769 placuit.
322 1686 366 1749 Ac
387 1683 514 1768 proinde
535 1685 661 1750 ulterius
678 1705 800 1769 quoque
815 1684 921 1748 Eidem
937 1684 1068 1750 confisus
1084 1683 1166 1748 lideli
1182 1683 1276 1748 Cubi-

76 1793 193 1859 culario
216 1813 282 1858 mco
305 1794 413 1859 loanni
430 1793 568 1858 Clamant
591 1795 628 1858 ad
650 1794 767 1880 agenda
790 1795 912 1879 negotia
934 1814 1000 1858 mea
1021 1795 1051 1858 in
1079 1812 1277 1878 congressum

75 1904 254 1988 generalem
269 1902 396 1968 remisso
413 1904 609 1988 singulariter
624 1903 752 1978 iniunxi,
775 1909 809 1968 at
824 1904 880 1968 sibi
897 1904 1055 1968 commissa
1071 1924 1126 1988 pro
1142 1903 1277 1986 particu-

74 2011 131 2076 lari
146 2031 216 2075 mea
232 2013 461 2077 remonstranda
478 2013 657 2078 confidentia
673 2013 880 2078 Excellentiae
895 2012 1023 2078 Vestrae
1045 2016 1077 2076 et
1097 2014 1225 2098 exponat
1246 2015 1278 2074 et

75 2119 223 2202 Ejusdem
238 2119 431 2186 favorabilem
443 2141 623 2186 concursum
634 2120 664 2184 in
676 2119 713 2185 iis
726 2120 925 2206 exoperandis
937 2121 1057 2185 nomine
1068 2139 1137 2184 meo
1151 2119 1276 2185 ulterius

74 2248 199 2314 quoque
215 2231 345 2313 expetat.

406 2337 667 2403 Excellentissime
682 2337 811 2404 Domine

774 2463 980 2530 Excellentiae
992 2465 1120 2530 Vestrae

748 2591 792 2655 Ad
810 2589 909 2656 officia
924 2590 1130 2675 paratissimus

654 2716 896 2782 Franciscus
916 2717 1105 2802 Princeps
1120 2736 1159 2780 ιιι.
1177 2737 1206 2800 p.

75 2806 187 2872 [latum
202 2805 235 2870 in
251 2806 358 2872 Castro
375 2807 526 2872 Sacranos

113 2913 166 2978 aa
184 2913 239 2978 ao.
255 2914 382 2998 nagan
399 2913 498 2980 raro.

110 3037 280 3112 (orrgnu.)

647 3203 701 3268 aa.

72 3345 321 3412 instruction
345 3347 566 3434 Rtkdcny's
602 3349 661 3412 tur
690 3349 870 3414 Klement
905 3369 951 3414 an
987 3349 1050 3414 die
1078 3347 1178 3413 lidie
1208 3347 1279 3411 der

573 3457 778 3525 Alliirten.

385 3602 555 3687 Ungvar,
581 3603 640 3668 23.
666 3602 837 3669 October
860 3601 977 3668 luto.

174 3779 335 3842 Instructio
359 3777 441 3842 fideli
469 3785 572 3844 nostro
597 3780 786 3846 Cubiculario
810 3781 940 3846 lobanni
960 3781 1100 3845 Klement
1126 3780 1165 3844 ad
1190 3779 1279 3844 dulas

83 3887 258 3968 Principum
272 3886 447 3950 Alliatorum
463 3887 645 3971 negotiando
660 3887 737 3958 data.
754 3888 962 3972 sequentibus.

169 3994 327 4080 Siquidem
343 3994 470 4060 iteratae
485 3996 714 4080 Negotiationes
730 4015 804 4062 suae
825 3996 862 4061 ad
878 3997 982 4062 Aulam
997 3997 1188 4072 Borussicam
1203 3995 1280 4059 lium

76 4105 113 4168 ad
127 4109 266 4168 exactam
278 4103 352 4185 Ejus
363 4103 510 4168 Noticiam
522 4107 683 4189 peruenire
695 4107 847 4178 fecerunt,
858 4111 892 4170 et
902 4104 1157 4188 subsequentibus
1171 4103 1280 4186 cuique

75 4211 207 4298 proponi
229 4210 361 4277 debeant
375 4211 555 4276 Dexterilati
579 4233 652 4277 auae
676 4213 861 4286 commissis,
884 4219 917 4277 et
931 4213 1034 4298 primia
1049 4212 1281 4277 introductionis

80 4327 111 4385 el
132 4319 351 4405 Propositionis
373 4319 429 4386 viis
456 4326 516 4385 tam
540 4321 581 4384 ibi
603 4341 690 4407 quam
714 4321 744 4385 in
765 4321 873 4403 Anglia
897 4325 929 4384 et
949 4319 1105 4386 Hollaudia
1129 4318 1280 4383 ordinario

79 4428 222 4494 methodo
239 4433 270 4493 et
286 4428 388 4493 cursui
404 4429 518 4494 relictis
531 4430 702 4514 praesentis
713 4429 934 4515 Negotiationis
946 4429 1037 4494 Basin
1047 4428 1079 4492 in
1089 4426 1280 4512 subsequen·

78 4537 163 4601 tibus
180 4537 349 4602 consistere
365 4535 497 4611 nouerit;
513 4537 554 4602 ut

1016 4643 1034 4697 9
1042 4645 1059 4678 «Ι
