3117 5084
290 366 366 438 rot

285 541 489 605 necessarium
507 560 578 603 esse
591 559 628 602 ac
639 544 758 622 putare,
771 542 804 600 ut
819 536 927 600 milord
941 535 1151 619 Peterboroug
1164 535 1324 601 Wicnnam
1336 533 1485 603 abiturus.

285 650 336 714 nbi
352 650 392 713 ob
408 650 514 712 eximia
529 669 583 712 sua
603 649 634 711 in
649 647 770 713 domum
789 646 968 711 austriacam
991 647 1115 709 multum
1137 646 1250 729 possit,
1270 646 1321 709 illc
1345 644 1483 707 nimirum

285 758 493 823 llarciooniam
510 763 542 821 et
557 756 741 821 cataloniam
756 756 929 839 occuparit,
953 754 1080 838 positive
1099 755 1265 817 instruatur
1280 758 1312 816 et
1327 758 1361 816 ut
1375 752 1403 816 si
1419 752 1485 815 lieri

285 868 382 952 possit
396 867 558 931 wiennam
572 867 634 928 iter
647 865 762 929 iaciens
773 865 955 929 llerolinium
971 864 1071 927 veniat
1086 870 1136 927 ant
1151 862 1224 925 mibi
1239 864 1337 927 locum
1353 861 1487 925 destinet

285 976 336 1041 ubi
352 976 481 1040 eundem
497 977 528 1038 iu
543 976 654 1039 itinere
670 974 832 1038 convenire
848 975 974 1045 ualeam,
993 992 1028 1037 se
1043 974 1161 1037 interea
1176 972 1324 1035 commodi
1339 970 1486 1055 temporis

286 1086 384 1169 gratia
399 1085 562 1149 wiennam
583 1084 621 1146 ad
636 1083 723 1147 Dom.
743 1084 860 1145 Palmes
882 1083 966 1166 pacis
991 1083 1161 1165 proiectum
1184 1081 1302 1144 misisse
1326 1080 1486 1162 eidemque

287 1194 454 1277 urgendum
470 1194 552 1277 pacis
568 1194 722 1274 negotium
735 1194 998 1256 recommendasse
1011 1190 1089 1276 qvod
1101 1196 1133 1254 nt
1144 1191 1239 1273 magis
1253 1189 1380 1273 positive
1393 1208 1487 1271 agere

286 1303 384 1366 valeat
405 1323 440 1365 se
460 1308 631 1365 curaturum
654 1306 687 1364 ut
701 1301 898 1384 specialiores
914 1301 1050 1383 Reginae
1070 1300 1200 1384 accipiat
1222 1300 1345 1363 ordines
1362 1303 1393 1362 ct
1409 1318 1488 1361 nnnc

287 1412 394 1495 rigore
408 1411 504 1474 solum
519 1411 706 1494 generalium
721 1429 843 1473 suorum
859 1410 1065 1473 mandatorum
1087 1415 1166 1492 agat
1195 1410 1370 1493 Exposcere
1386 1409 1488 1492 itaque

289 1521 334 1583 rei
349 1520 570 1604 importantium
584 1524 665 1583 utet
681 1518 802 1582 domino
812 1519 929 1582 Palmes
946 1539 962 1582 a
978 1519 1040 1583 Sua
1051 1518 1210 1602 llajestate
1222 1518 1369 1602 promotio
1385 1518 1489 1601 operis

287 1629 376 1712 bujus
388 1628 521 1711 benigni
533 1630 746 1693 committatur.
768 1628 887 1691 interea
900 1647 959 1710 ego
976 1627 1014 1691 ad
1026 1627 1104 1691 dom.
1118 1626 1271 1692 Birndorll
1280 1627 1488 1710 saepedictum

289 1739 457 1821 projectum
474 1756 600 1802 unacum
616 1736 892 1802 credentionalibus
908 1737 984 1800 meis
1007 1737 1044 1799 ad
1062 1742 1156 1801 status
1172 1736 1340 1801 Generales
1356 1742 1388 1800 et
1400 1737 1487 1801 Dom.

289 1847 513 1910 Pensiooarium
531 1867 587 1931 per
607 1864 764 1910 cursorem
784 1846 903 1927 regium
926 1844 1063 1928 expediri
1086 1849 1117 1908 et
1132 1850 1166 1909 nt
1181 1844 1342 1909 llollandos
1358 1844 1397 1909 ad
1414 1866 1489 1910 con-

286 1953 458 2036 jungendas
474 1975 545 2019 suas
562 1974 630 2019 cum
642 1955 750 2038 Anglia
766 1954 825 2018 boc
841 1955 872 2018 in
886 1974 978 2039 passu
988 1955 1068 2017 vires
1085 1974 1122 2017 eu
1134 1956 1319 2037 argumentis
1331 1956 1362 2018 in
1374 1956 1490 2019 instru-

291 2066 393 2128 ctione
420 2062 590 2128 extantibus
615 2068 648 2127 et
675 2083 855 2147 procerum
877 2062 1083 2144 conjuncturis
1114 2082 1236 2147 semper
1261 2064 1489 2146 emergentibus

290 2176 398 2254 urgeat
418 2172 528 2235 ennirc
549 2172 789 2237 recommendati
810 2171 910 2236 addita
932 2172 969 2236 ad
985 2172 1054 2236 ilar.
1076 2170 1115 2235 de
1130 2172 1249 2235 Lintelo
1272 2174 1320 2258 qvi
1343 2172 1435 2237 modo
1459 2173 1489 2235 iu

291 2280 445 2345 llollandia
460 2280 546 2345 brevi
562 2282 621 2344 buc
636 2282 809 2345 redditurus
825 2286 968 2351 moratur,
982 2282 1014 2345 S.
1025 2282 1058 2345 V.
1072 2282 1198 2366 epistola
1211 2282 1258 2346 cui
1275 2302 1370 2343 meam
1386 2280 1490 2344 itidem

288 2389 373 2471 junxi
389 2395 421 2453 et
436 2394 469 2453 ut
485 2410 540 2474 pro
562 2395 707 2454 consueto
728 2390 785 2454 sibi
808 2391 875 2453 zelo
890 2389 947 2453 bac
963 2390 1117 2453 commoda
1131 2390 1289 2454 occasione
1308 2390 1397 2453 utens
1413 2389 1491 2474 apud

293 2498 427 2563 dominos
451 2518 523 2563 suos
545 2498 679 2564 efficacia
696 2500 729 2564 S.
742 2500 777 2563 V.
796 2502 951 2583 praestare
974 2498 1150 2581 dignaretur
1172 2498 1269 2564 officia
1285 2499 1492 2563 condecenter

292 2608 406 2690 rogaui.
439 2607 731 2671 Communieavcram
753 2628 812 2691 ego
830 2608 937 2672 ldilord
953 2607 1026 2673 Rabi
1043 2628 1059 2671 a
1076 2610 1109 2673 S.
1123 2608 1159 2672 V.
1182 2609 1278 2672 adhuc
1299 2630 1377 2672 anno
1400 2628 1490 2693 prae-

292 2718 384 2780 terito
400 2717 608 2780 transmissum
631 2721 797 2781 extractum
821 2720 967 2781 tractatus
989 2737 1056 2781 cnm
1073 2717 1167 2781 Czaro
1191 2722 1222 2781 et
1237 2718 1294 2782 boc
1310 2719 1418 2782 eodem
1434 2739 1491 2783 ocu

293 2830 470 2908 argumento
492 2826 609 2897 utebar,
632 2824 757 2889 Gnarum
787 2826 906 2889 omnino
931 2825 1018 2890 nobis
1045 2826 1151 2891 auxilia
1178 2828 1305 2891 laturum
1333 2828 1418 2891 cuius
1446 2827 1490 2891 rei

293 2954 433 3017 magnam
454 2935 588 3019 speciem
612 2934 779 3018 praebebat
799 2955 913 3019 nupera
936 2935 1047 2999 domini
1063 2936 1160 3019 Urbig
1177 2956 1244 3000 cnm
1261 2935 1411 3000 Caesarea
1427 2939 1491 3000 aula

294 3044 448 3108 contentio
475 3048 508 3107 et
529 3063 607 3108 nunc
632 3064 779 3128 praesens
801 3044 861 3108 iter
881 3045 954 3109 Ere.
975 3045 1093 3109 Domini
1116 3046 1239 3109 Comitis
1260 3045 1425 3130 Bercsenpi
1454 3044 1490 3108 ad

294 3154 435 3223 Cianum,
452 3152 509 3215 nisi
524 3152 600 3216 baec
616 3152 680 3236 ipsa
695 3158 871 3236 argumenta
890 3174 964 3238 qvae
981 3158 1066 3219 certe
1081 3174 1220 3237 magnum
1236 3154 1354 3239 pondus
1369 3156 1406 3219 ad
1423 3156 1491 3219 leli·

295 3262 373 3326 citer
388 3260 624 3325 concludendam
639 3281 744 3345 pacem
760 3262 947 3327 addidissent
967 3282 1023 3347 per
1037 3264 1216 3348 inopinatam
1233 3265 1399 3329 'lirrcmum
1421 3264 1492 3329 belli

296 3375 401 3435 contra
421 3370 541 3434 bloscos
558 3375 590 3434 et
605 3369 733 3433 Potonos
756 3371 990 3436 declarationem
1012 3372 1147 3454 vigorem
1171 3392 1256 3437 sunm
1280 3374 1490 3445 ammisissent,

296 3487 328 3544 et
349 3479 479 3564 qvamvis
502 3480 561 3543 hoc
583 3484 698 3542 certum
718 3479 774 3551 sit,
799 3482 914 3544 alliatos
939 3501 1086 3565 uunquam
1108 3482 1211 3565 petitis
1234 3482 1264 3546 in
1286 3482 1491 3547 instructionis

296 3610 381 3651 meae
402 3592 514 3672 puncto
538 3587 706 3652 extantibus
734 3589 774 3653 de
798 3591 999 3655 assecurando
1022 3592 1068 3655 vel
1090 3590 1245 3655 animando
1269 3591 1364 3656 Gauro
1387 3598 1490 3657 contra

296 3698 457 3762 Caesarem
485 3697 686 3762 assensisseut
713 3718 750 3762 eo
773 3697 852 3783 qvod
879 3700 977 3763 omnia
1003 3698 1079 3765 baec
1106 3720 1162 3785 per
1186 3700 1317 3765 Gallicos
1337 3702 1491 3767 ministros

297 3807 386 3871 etiam
402 3806 434 3868 in
449 3805 665 3889 praejudicium
680 3826 790 3871 causac
806 3809 971 3874 eommunis
990 3808 1055 3873 lieri
1069 3814 1101 3875 et
1116 3810 1254 3893 instigari
1266 3810 1328 3894 jam
1344 3809 1403 3874 sibi
1419 3831 1491 3895 per-

296 3919 455 3979 suaserunt
466 3919 498 3978 et
509 3919 634 3980 eatenus
645 3915 796 3980 mediante
809 3917 927 3983 domino
938 3917 1095 3983 iablonski
1107 3920 1183 4005 apud
1197 3919 1346 3984 dominum
1355 3921 1491 3986 Bienner

297 4024 404 4109 partim
421 4024 536 4108 quaesti
551 4024 670 4091 inerant
685 4027 792 4109 partim
810 4025 880 4110 qvid
894 4026 925 4090 in
936 4047 971 4090 re
986 4027 1051 4112 ipsa
1067 4030 1107 4093 sit
1121 4029 1346 4112 indagaverunt,
1361 4030 1400 4094 ad
1417 4050 1490 4115 qnae

297 4140 396 4198 tanuen
416 4133 467 4197 ille
488 4134 626 4219 apposite
645 4135 720 4199 satis
740 4139 772 4199 et
791 4134 973 4199 lucidissime
988 4139 1144 4222 respondit
1160 4139 1192 4204 S.
1207 4140 1241 4204 V.
1264 4138 1342 4224 apud
1365 4140 1490 4223 Gnarum

297 4243 368 4306 nihil
391 4241 470 4305 uliud
494 4262 581 4328 quun
600 4244 633 4306 id
655 4242 733 4328 qvod
757 4244 837 4329 apud
865 4244 979 4309 allietos
1000 4246 1092 4312 faciat
1111 4266 1259 4333 quaerere
1283 4268 1341 4313 nec
1362 4248 1491 4313 Gallicas

298 4352 444 4416 factiones
460 4352 689 4417 tomentaturam
705 4353 741 4417 ad
758 4352 952 4418 offendendos
978 4355 1092 4421 alliatos
1115 4356 1164 4441 qui
1190 4356 1222 4420 S.
1243 4356 1276 4420 V.
1299 4355 1411 4419 bouum
1432 4362 1491 4421 tam

298 4459 419 4525 sincere
441 4460 578 4545 cupiant3
600 4461 647 4525 bis
667 4464 768 4525 tamen
785 4462 920 4525 omnibus
936 4461 1008 4527 nibil
1026 4463 1143 4537 etlecit,
1166 4482 1232 4527 nam
1248 4463 1404 4549 bucusque
1420 4485 1490 4548 per-

298 4570 417 4635 ricaccs
428 4569 487 4635 boc
502 4568 533 4634 in
548 4590 637 4655 passu
649 4575 719 4635 sunt
729 4576 761 4637 et
773 4570 902 4635 cundem
915 4572 1094 4637 Gallicarum
1106 4573 1233 4657 partium
1245 4571 1490 4639 studiosissimum
