3117 5084
282 310 332 380 82

282 485 413 566 legatum
441 503 500 545 non
522 480 609 543 modo
635 499 693 542 nou
714 476 866 540 dubitaret
889 474 951 537 Sua
971 473 1061 535 blatts
1083 471 1196 533 Crarea
1223 468 1277 530 sed
1307 473 1340 528 et
1368 483 1489 544 recog-

283 596 425 655 nosceret
450 587 608 652 amicitiam
636 591 666 650 et
689 587 718 648 in
745 585 802 647 hoc
825 604 897 646 casu
921 582 1001 644 Suae
1024 577 1204 643 serenitatis
1225 576 1379 638 sinceram
1402 571 1489 654 quod

283 699 384 781 itaque
400 697 468 761 dum
487 694 620 758 Eximiae
644 714 701 777 qua
715 693 797 776 polet
822 690 992 754 dexteritati
1007 689 1045 752 D.
1064 687 1142 749 Vrae
1164 681 1378 748 notificandum
1401 679 1488 746 duxi,

284 805 411 870 eandem
430 804 554 868 Diuinae
570 800 747 866 commendo
763 801 875 863 tutelae
892 802 924 862 et
938 815 1044 860 maneo
1543 790 1544 805 ¹

717 908 861 993 Ejusdem

953 996 1057 1059 Amice
1071 992 1235 1057 benevolus

866 1107 899 1169 C.
916 1105 953 1169 N.
971 1100 1187 1184 bercsenyi
1211 1119 1249 1161 m.
1267 1119 1297 1180 p.

936 1223 1441 1312 StephanusKr·ucsajm.p.
1543 1303 1544 1323 Χ

503 1325 681 1390 Clementio.

323 1431 480 1504 fflQMU

863 1517 915 1580 34.

565 1637 728 1701 Bericht
753 1633 960 1698 Klement’s
986 1655 1028 1696 an
1052 1630 1234 1712 aaloczy.

596 1755 754 1824 Berlin,
779 1753 838 1817 28.
860 1752 1033 1816 Februar·
1061 1749 1174 1814 1710.

288 1884 438 1948 berolino
468 1883 496 1945 1.
522 1882 614 1946 Febr.
639 1881 733 1945 1710
766 1885 799 1945 et
827 1880 880 1942 15.
906 1877 1076 1961 Febraaorij
1102 1874 1247 1940 brevibus
1277 1871 1488 1936 enumeravi

290 1994 495 2078 difficultates
526 1991 652 2055 itineris
682 1996 715 2056 ct
746 1989 829 2078 qood
853 2009 918 2074 per
947 2008 1084 2052 mensem
1113 1984 1268 2050 Sandecii
1297 1990 1331 2046 et
1360 1982 1487 2068 quidm
1543 2006 1544 2009 ¹

289 2103 382 2166 eroice
395 2099 457 2186 (1)
470 2099 716 2187 qoorantaiuom
732 2105 842 2164 tenere
857 2098 1019 2162 debuerim
1033 2096 1223 2184 promittens
1238 2093 1334 2157 droul
1346 2098 1380 2156 et
1395 2090 1492 2154 semel
1543 2162 1544 2165 Ἴ

290 2233 339 2275 mc
354 2210 511 2298 inteprum
527 2208 751 2295 empediturom
765 2207 953 2272 relationem
973 2227 1054 2293 poue
1067 2205 1211 2291 sequitur
1231 2203 1272 2266 de
1292 2201 1368 2266 dcto
1390 2201 1489 2264 Ilerc-

291 2321 357 2385 lino
373 2319 429 2384 28.
447 2319 539 2383 Febr.
556 2317 659 2381 1710.

385 2444 546 2599 Thomnii
564 2444 720 2617 biosectus
749 2535 779 2595 in
803 2533 954 2598 Prassian
974 2527 1269 2611 brandenburgicam
1298 2527 1432 2591 feliciter
1452 2525 1489 2589 ob

296 2642 430 2707 notitiam
443 2661 530 2725 qvam
542 2661 610 2706 cum
619 2641 853 2706 commendante
868 2660 1008 2724 passuum
1024 2640 1137 2712 babeo;
1154 2636 1344 2702 intromissus
1358 2655 1427 2698 sum
1442 2634 1489 2697 ubi

296 2771 354 2814 non
371 2750 466 2813 solum
481 2770 570 2833 passu
587 2750 643 2814 riri
659 2750 796 2833 ejusdem
811 2750 953 2822 munitus,
969 2749 1023 2812 sed
1039 2750 1129 2812 etiam
1145 2769 1201 2832 qva
1216 2749 1264 2811 via
1275 2743 1489 2827 perPolouiam
1529 2749 1532 2753 ’

296 2878 400 2925 versus
416 2859 619 2922 Pomeraniam
635 2858 719 2922 abire
736 2857 862 2922 debeam
879 2860 1042 2922 instructus
1058 2859 1299 2923 26.Decembris
1316 2861 1387 2924 anni
1403 2879 1489 2943 prae-

295 2967 378 3030 teriti
399 2966 508 3031 limites
523 2967 718 3030 Pomeranioe
741 2967 837 3048 attigi.
868 2967 925 3029 llic
945 2984 1018 3029 vero
1040 2973 1164 3049 praeter
1184 2987 1302 3032 omnem
1325 2967 1491 3051 opinionem

297 3075 334 3139 ob
351 3075 510 3138 reiteratos
526 3076 629 3158 regios
647 3093 731 3158 qvam
747 3075 953 3139 strictissimos
970 3074 1092 3138 ordines
1108 3076 1276 3140 subsistere
1292 3081 1415 3140 coactus
1431 3095 1490 3139 sum

282 3205 357 3250 ‚non
375 3182 452 3268 quod
469 3183 574 3246 literae
590 3202 675 3246 oreae
692 3188 874 3247 commeatus
897 3203 956 3246 non
981 3184 1094 3248 fuerint
1117 3184 1317 3258 sufficientes,
1340 3185 1396 3248 sed
1419 3184 1490 3268 qvod

298 3292 381 3374 regis
401 3291 537 3358 voluntas
560 3291 724 3364 exstiterit,
742 3291 890 3353 neminem
912 3311 1028 3376 quoque
1050 3291 1171 3356 tandem
1198 3294 1376 3358 instructum
1405 3314 1488 3377 passu

299 3398 413 3491 etiamsi
429 3402 462 3461 ut
476 3404 584 3464 uocant
597 3401 818 3484 quarantainam
834 3400 944 3466 fecerit
960 3401 990 3462 in
1004 3400 1489 3482 territoriumbrandenburgicun

298 3504 485 3577 immittendi,
502 3504 540 3570 ob
556 3526 649 3572 novos
666 3509 716 3592 qri
732 3509 770 3572 de
783 3510 978 3574 vehementer
990 3515 1151 3592 grassante
1161 3510 1321 3573 inPrussia
1333 3510 1489 3573 etPolonia

299 3617 385 3697 peste
401 3611 643 3697 percrebuerunt
658 3635 804 3679 rumores.
837 3617 957 3688 Fateor,
975 3618 1106 3681 Seren'“·
1124 3617 1285 3701 princeps,
1306 3618 1431 3680 multum
1445 3638 1487 3679 me

299 3721 442 3784 astlinisse
461 3721 541 3786 hunc
562 3722 754 3806 improvisum
777 3743 879 3787 casum
896 3743 932 3786 eo
949 3724 1026 3807 qvod
1042 3726 1109 3807 plus
1126 3744 1210 3807 qvam
1227 3727 1247 3789 ὅ
1263 3727 1487 3809 septimanarum

300 3829 445 3911 temporis
461 3830 589 3912 spatium
605 3831 739 3915 elapsum
755 3832 793 3895 iri
810 3832 958 3903 ridebam,
974 3833 1145 3915 priuspram
1161 3832 1309 3915 quidpiam
1324 3836 1356 3896 in
1373 3835 1487 3898 seruitia

300 3937 333 4001 S.
350 3937 385 4002 V.
408 3942 439 4000 et
454 3939 572 4002 Patriae
593 3941 751 4024 cooperari
777 3941 894 4005 liceret.
934 3941 980 4004 nd
1001 3940 1205 4005 facilitandum
1226 3942 1318 4023 igitur
1338 3943 1487 4006 transitum

299 4063 397 4109 meum
414 4045 450 4108 ad
464 4045 496 4108 C.
514 4045 551 4108 de
560 4048 769 4132 Wartenberg
782 4054 813 4113 et
828 4049 864 4113 1).
873 4047 1029 4114 lablonslri
1045 4049 1164 4132 scripsi,
1181 4067 1217 4111 ac
1233 4055 1264 4114 ut
1280 4050 1351 4112 mibi
1368 4050 1487 4114 liberum

300 4171 420 4236 passum
436 4154 639 4219 trmsmittere
656 4156 818 4240 dignentur
839 4157 958 4240 rogavi,
985 4158 1023 4222 ob
1045 4158 1129 4222 aulae
1145 4162 1255 4222 tamem
1272 4178 1346 4242 qnae
1361 4157 1486 4241 Lipsiam

301 4260 484 4325 discesserat
507 4260 672 4326 absentiam
695 4266 748 4328 26.
773 4266 868 4330 solum
885 4266 1018 4347 ,lanuarij
1043 4268 1252 4351 responsorias
1276 4265 1400 4330 obtinui.
1437 4267 1485 4330 llic

301 4367 439 4432 acclusac
448 4367 680 4453 reperiebantur
691 4373 797 4437 literae
809 4374 846 4437 ad
855 4374 1058 4457 capitaneum,
1068 4375 1173 4458 quibus
1183 4375 1280 4438 eidem
1289 4373 1484 4448 mandabatur,

303 4496 359 4561 qvo
382 4477 448 4541 sine
468 4498 551 4543 mora
572 4499 620 4544 me
635 4479 786 4564 proticisci
803 4482 881 4546 sinat
897 4489 927 4548 et
943 4483 981 4546 ad
995 4484 1198 4548 facilitandum
1215 4484 1383 4548 discessum
1397 4503 1484 4548 meum
