3117 5084
1210 375 1260 449 77

46 551 196 635 desuper
221 550 392 615 extantibus
416 556 448 616 et
462 551 592 615 necdum
615 550 799 615 transmissis
813 551 1012 615 Dominum
1033 550 1262 616 Jablonsalri

45 659 228 724 secundum
251 658 477 742 adjunctam
500 659 682 724 schedam
705 661 923 725 informate.
958 659 1175 725 Homonnae
1199 659 1262 724 die

47 768 386 835 asbcessurus.

217 879 452 943 Franciscus
472 879 664 963 Princeps
680 899 719 942 m.
735 899 766 962 p.

93 1001 262 1076 (original.)
591 987 812 1073 Stephanus
827 988 1004 1071 Krncaay
1018 1006 1058 1052 m.
1075 1007 1106 1071 p.

632 1167 685 1231 31.

290 1290 511 1355 Scbreiben
533 1290 754 1358 Bruininx's
779 1311 824 1356 an
847 1289 1035 1375 lldktcsy.

492 1410 710 1475 December
728 1411 843 1476 1709.

51 1532 480 1606 copiaresponsorisrnrn
494 1533 837 1590 dominiBrnininssd
851 1532 1262 1608 essqnssSsrsnirsimns

293 1625 458 1696 Princeps
480 1625 520 1680 sd
545 1641 615 1680 sum
632 1626 660 1681 2.
676 1625 752 1682 Nor.
772 1625 863 1683 1709
882 1625 1036 1681 dederet.

283 1746 461 1812 &esame
474 1747 662 1834 Princeps!

152 1853 213 1918 Die
229 1853 261 1918 7.
285 1854 372 1936 bajus
389 1855 492 1940 accepi
510 1855 630 1927 literas,
654 1875 727 1939 quas
748 1854 881 1919 secunda
896 1853 1024 1940 proximi
1038 1854 1133 1938 elapsi
1148 1854 1262 1917 mensis

50 1961 160 2027 adme
184 1961 310 2028 dederat
326 1962 473 2028 celsitudo
495 1967 612 2036 restra,
636 1969 667 2028 et
689 1967 820 2037 attente,
845 1983 922 2048 quae
944 1962 1157 2035 continebant,
1180 1961 1259 2046 legi;

52 2071 114 2135 sed
139 2073 166 2135 si
192 2072 425 2156 praeteritorum
446 2091 561 2136 memor
580 2075 696 2138 maturo
718 2091 822 2138 secum
841 2069 1035 2158 perpendere
1055 2071 1128 2137 velit
1144 2069 1260 2155 jndicio

54 2179 240 2264 sequentia:

150 2287 300 2370 Negatam
314 2309 424 2374 nempe
443 2311 459 2355 a
476 2291 685 2354 commissione
701 2290 873 2374 Hungarica
887 2289 1118 2373 responsionem
1132 2287 1171 2353 ad
1186 2308 1260 2374 por·

50 2399 161 2460 rectas
185 2396 287 2460 ultimo
309 2417 346 2462 ex
368 2403 455 2484 parte
471 2400 609 2464 Caesaris
626 2399 831 2470 conditiones,
848 2399 951 2462 vacuis
967 2399 1012 2463 sic
1028 2397 1164 2462 manibus
1180 2399 1260 2482 'lyr-

51 2506 144 2569 navia
157 2502 335 2571 discedente
348 2511 379 2571 et
391 2506 429 2571 ad
440 2508 565 2573 ulterius
578 2509 670 2582 circa,
684 2507 779 2594 prima
790 2507 892 2572 fronte
903 2505 1069 2572 oblatorum
1082 2511 1259 2592 punctorum

53 2620 232 2680 uestrorum
255 2614 493 2690 elaboratorum,
518 2618 564 2683 rel
587 2617 709 2682 minimo
741 2617 842 2682 fructu
872 2615 1018 2702 progredi
1048 2636 1109 2682 non
1140 2616 1260 2682 valente

54 2722 255 2788 mediatione.

148 2831 184 2897 ln
206 2829 391 2898 succedente
413 2838 563 2899 conventu
586 2834 751 2899 Onodiensi
779 2834 909 2918 plurium
936 2837 1142 2899 anteactorum
1168 2851 1259 2898 erer-

53 2941 192 3012 sionem,
214 2939 451 3027 labetactamqre
472 2941 531 3006 bno
553 2942 720 3008 abdicatam
743 2947 848 3008 contra
868 2944 955 3025 leges
977 2946 1009 3007 et
1029 2943 1110 3007 nullo
1127 2941 1257 3027 praede·

55 3069 217 3114 sessorum
239 3049 373 3135 exemplo
396 3049 414 3116 d
438 3049 661 3117 confoederatis
683 3053 799 3137 regiam
815 3055 1013 3138 potestatem,
1036 3049 1073 3117 ed
1089 3050 1154 3137 ipso
1172 3050 1258 3137 quasi

55 3159 139 3223 omni
157 3158 243 3242 pacis
260 3179 314 3244 spe
330 3178 365 3224 ac
381 3159 558 3224 intentione.

149 3265 245 3330 Anlae
260 3267 348 3349 bajus
363 3267 434 3334 inde
450 3273 583 3332 exortam
598 3286 656 3332 nec
671 3266 761 3353 plane
777 3266 941 3331 mirandam
958 3267 1225 3352 exasperationem.

153 3375 295 3440 Caesarei
311 3377 413 3441 militis
429 3375 656 3450 memorabiles,
678 3395 737 3441 nec
752 3375 936 3462 sperandcs,
952 3375 1057 3441 abillo
1073 3380 1210 3462 tempore
1226 3375 1257 3438 in

55 3484 214 3566 llungaria
230 3503 421 3568 progressus.

71 3593 78 3605 '
148 3591 347 3659 Plurimorum
367 3597 399 3657 et
414 3593 532 3678 qridem
548 3592 720 3657 notabilium
733 3594 764 3657 in
777 3591 912 3678 partibus
924 3593 1033 3658 vestris
1046 3593 1257 3658 desectionem.

151 3699 290 3764 Vestram
311 3702 446 3774 interim,
468 3699 559 3766 tantd.
574 3703 719 3788 temporis
735 3703 905 3776 intervallo,
921 3701 1112 3768 mediationis
1127 3703 1257 3784 neglec-

58 3809 174 3872 ticnem
189 3807 248 3873 imo
264 3811 520 3894 praeteritionem.

149 3918 375 4000 llungarcrnm,
401 3919 451 4004 qni
473 3919 569 4002 regiis
593 3918 793 3986 adhaeserunt
809 3919 945 4004 partibus
960 3921 991 3984 in
1014 3921 1104 4003 vulgo
1121 3923 1256 3984 vocatam

61 4025 191 4096 dietam,
207 4026 327 4090 Posonii
344 4026 557 4113 subsequutam
574 4031 850 4112 congregationem,
872 4029 1123 4112 negotiorumque
1144 4027 1256 4092 ibidem

56 4137 250 4216 peractorum
265 4135 385 4198 seriem.

149 4241 436 4308 Conloederatorum
468 4244 519 4327 qui
549 4262 726 4329 comparere
758 4245 930 4316 noluerant,
962 4243 1125 4329 praecipue
1156 4246 1255 4306 autem

57 4349 266 4434 primariorum
297 4349 406 4414 ducum
434 4352 683 4436 proscriptionem
712 4371 779 4416 cum
809 4353 954 4417 bonorum
977 4353 1147 4418 addictione
1170 4350 1253 4413 lisso.

57 4459 153 4522 Minus
165 4457 230 4539 jam
247 4477 333 4542 qnam
349 4459 417 4523 olim
433 4479 592 4544 praemens
607 4460 720 4525 bellum
736 4463 894 4544 gallicum,
916 4463 975 4525 imo
992 4461 1156 4543 gloriosam
1170 4458 1254 4544 pacis

59 4565 253 4648 effulgentem
270 4585 364 4650 spem.
