3117 5084
328 390 378 461 20

322 566 517 651 compositum
540 565 587 630 vel
612 564 707 631 adhuc
732 567 869 652 componi
894 565 1015 631 debere.
1059 565 1254 630 Serenissima
1277 565 1509 647 Regiomontmn

321 676 413 741 rediit
432 674 640 757 Rastenburgo
662 674 768 759 partim
791 674 829 738 ob
850 674 957 757 ingens
973 675 1043 757 gelu
1059 676 1165 759 partim
1180 674 1217 741 ob
1234 674 1394 738 dedeetum
1407 694 1509 758 pecu·

321 785 445 851 uiarum.
477 785 549 849 Illuc
572 784 609 847 ad
628 784 761 866 ejusdem
784 784 950 848 mandatum
967 783 1088 848 Gedano
1105 783 1268 856 abiveram3
1284 781 1377 848 babet
1391 782 1424 845 in
1440 783 1509 845 aiala

319 898 443 978 praeter
459 892 593 957 dominos
609 894 747 957 Fierrille
764 898 796 958 et
810 892 902 957 Falclr
918 893 1079 967 neminem3
1094 892 1226 957 babarre
1241 893 1320 957 enim
1335 890 1373 955 ad
1384 892 1509 955 Princi-

319 1004 429 1088 pissam
445 1002 575 1067 Radeivil
592 1003 674 1075 abiit,
690 1003 726 1067 D.
739 1000 894 1068 lablousii
911 1002 954 1066 nti
970 1022 1114 1086 suppono,
1133 1001 1359 1067 serenissimam
1374 999 1413 1063 ad
1431 1021 1509 1085 pro-

320 1110 497 1175 movendum
513 1112 572 1175 iter
587 1112 750 1196 sumptibus
762 1109 889 1192 juvabit.
914 1110 1094 1195 Scripsisset
1108 1111 1316 1183 Serenissima,
1332 1109 1388 1174 sed
1402 1115 1508 1173 tamen

318 1220 422 1285 morbo
449 1220 590 1305 impedita
611 1220 710 1285 sutura
733 1226 818 1305 posta
839 1241 872 1285 se
895 1221 996 1285 literas
1015 1220 1053 1284 ad
1075 1221 1107 1284 S.
1130 1220 1165 1285 V.
1189 1218 1392 1304 expedituram
1420 1218 1508 1283 dicit,

318 1330 476 1413 ldrpensae
501 1328 631 1414 qnotidie
653 1329 690 1393 ad
714 1329 777 1393 109
799 1330 863 1395 dor.
886 1330 1034 1395 Rbenens.
1059 1334 1228 1395 excurrunt.
1267 1329 1384 1393 Statum
1406 1328 1508 1391 Sere·

317 1438 456 1503 uissimae
468 1438 611 1503 Dominus
623 1438 763 1501 llierville
780 1439 885 1522 aperit,
900 1459 987 1522 qvem
1001 1459 1059 1522 ego
1075 1439 1238 1523 peromnia
1252 1437 1355 1502 inillis
1371 1437 1508 1501 circum-

316 1546 432 1610 stantiis
457 1566 525 1611 esse
546 1551 687 1631 expertus
709 1567 791 1620 snm;
814 1547 915 1611 forsan
936 1547 1053 1612 habebo
1075 1548 1200 1631 gratiam
1219 1566 1286 1612 eum
1301 1546 1508 1611 Serenissima

316 1654 376 1718 iter
402 1654 432 1717 in
455 1654 635 1738 Hungariam
661 1654 821 1720 conficere.
860 1655 998 1721 Kortbolt
1024 1677 1106 1721 suam
1129 1656 1329 1720 Serenitatem
1356 1675 1394 1719 eo
1425 1655 1507 1739 qnod

317 1762 433 1827 medico
450 1764 595 1828 careatin
612 1764 761 1829 Poloniam
777 1764 981 1837 comitabitur,
1003 1765 1169 1829 intercal).
1185 1761 1339 1830 iablonski
1361 1763 1460 1828 irater
1477 1764 1506 1828 in

316 1870 468 1937 mittendis
490 1871 574 1937 noris
590 1892 662 1939 suae
679 1872 963 1957 correspondentiae
984 1873 1082 1939 sutura
1097 1873 1261 1957 septimana
1279 1872 1372 1938 faciet
1386 1874 1506 1938 initium

320 1979 478 2045 Caeterum
494 1984 553 2045 ete.
895 2073 914 2137 ὅ

546 2188 712 2254 bericht
734 2189 942 2255 desselben
964 2210 1011 2254 an
1033 2189 1258 2255 denselben.

684 2295 835 2370 Berolino,
860 2297 916 2361 29.
941 2297 1007 2362 dan.
1035 2296 1132 2362 1799.

401 2411 620 2476 Praestolamur
642 2411 737 2479 adbuc
756 2415 833 2479 aridi
854 2434 1030 2499 responsum
1046 2415 1130 2480 ducis
1146 2415 1184 2479 de
1195 2413 1405 2498 blarleborurg
1422 2414 1502 2499 qvod

313 2539 349 2583 ex
363 2524 431 2584 voto
448 2519 577 2585 futurum
594 2542 718 2605 sperare
729 2521 850 2604 jubeor,
868 2544 904 2587 ex
921 2543 977 2609 qvo
994 2524 1082 2588 etiam
1096 2523 1226 2608 patebit,
1242 2529 1340 2589 utrum
1356 2522 1396 2586 ad
1411 2524 1447 2589 S.
1464 2524 1501 2589 V.

311 2626 410 2692 redire
427 2634 476 2691 aut
491 2649 565 2693 vero
582 2631 693 2713 llagam
713 2651 877 2715 properare
899 2632 956 2697 dux
977 2634 1071 2716 magis
1086 2633 1288 2698 necessarium
1303 2652 1374 2696 esse
1391 2634 1503 2697 existi·
1554 2676 1555 2702 r

311 2739 387 2808 met;
404 2735 459 2801 sed
481 2736 519 2800 de
541 2737 588 2803 bis
607 2738 658 2803 19.
676 2738 762 2822 hujus
779 2745 919 2805 exaratae
934 2742 967 2805 S.
984 2742 1019 2807 V.
1036 2740 1177 2825 prolixius
1193 2740 1361 2806 informant.
1402 2741 1503 2805 llodie
1553 2785 1554 2830 3

310 2843 452 2909 Dominus
467 2846 544 2910 Baro
569 2845 607 2911 de
622 2848 736 2930 lllgen,
758 2853 854 2915 status
874 2849 1030 2934 priuatim
1053 2849 1233 2915 secretarius
1258 2854 1289 2915 et
1309 2850 1505 2915 consiliarius
1553 2832 1554 2840 ἵ

311 2952 393 3034 regis
417 2952 536 3017 intimus
557 2958 783 3021 communicavit
805 2978 920 3024 mecum
942 2958 1049 3023 domini
1072 2959 1110 3022 de
1125 2959 1278 3023 bartholdi
1300 2959 1394 3042 legati
1415 2959 1505 3043 regis

313 3060 461 3127 Wienuae
477 3063 646 3137 existentis,
670 3084 740 3149 qvas
765 3066 803 3129 ad
818 3086 923 3149 regem
934 3069 1054 3152 scripsit
1069 3068 1187 3140 literas,
1210 3088 1330 3152 quarum
1344 3073 1438 3133 tenor
1453 3070 1506 3133 bic
1551 3058 1552 3126 ζ

314 3172 375 3232 est:
399 3169 556 3235 Dominum
572 3171 741 3237 Gabrielem
758 3175 861 3240 Tolrai
876 3176 1045 3241 Uivarinum
1066 3176 1231 3261 proiectum
1251 3176 1302 3241 ubi
1326 3196 1394 3242 cum
1410 3178 1448 3242 S.
1466 3178 1505 3243 V.
1550 3177 1552 3264 j

313 3274 458 3359 deputatis
468 3277 505 3342 de
518 3280 671 3347 armistitio
685 3301 778 3365 agere
789 3284 820 3347 in
832 3286 976 3350 mandatis
988 3285 1094 3359 babet;
1108 3285 1272 3350 Caesareos
1285 3285 1504 3351 nonobstante
1550 3271 1551 3274 Ἴ

312 3384 369 3448 hoc
384 3386 543 3452 ulteriores
559 3388 590 3453 iu
607 3392 752 3457 montanis
769 3412 950 3476 progressus
973 3394 1090 3470 iacere;
1114 3395 1229 3479 sperari
1252 3399 1350 3460 tamen
1372 3394 1504 3460 indubie
1549 3456 1550 3461 ,

312 3491 536 3559 subsecuturam
551 3517 666 3580 pacem,
682 3520 748 3565 nam
761 3506 793 3567 et
805 3501 971 3586 principem
984 3502 1021 3567 de
1033 3503 1113 3567 Salsu
1125 3503 1162 3567 ad
1173 3508 1327 3587 magnates
1337 3504 1504 3587 ilungaros

315 3601 463 3667 Wiennae
479 3603 640 3671 existentes
657 3608 766 3675 dixisse
782 3608 887 3684 refert,
903 3611 1006 3676 ridere
1022 3613 1116 3677 aulam
1131 3632 1191 3677 non
1206 3614 1277 3677 alias
1296 3612 1390 3696 sopiri
1401 3633 1501 3697 posse

313 3709 400 3773 civile
415 3711 472 3775 boc
487 3710 607 3786 bellum,
624 3716 681 3781 nisi
697 3719 834 3783 restituta
849 3719 952 3801 Regno
967 3719 1116 3786 libertate.
1147 3721 1266 3785 Addidit
1280 3721 1448 3795 Bartlroldi,
1465 3745 1503 3787 se

312 3816 448 3882 dubitare
464 3819 501 3883 de
517 3842 588 3886 vera
604 3827 635 3886 et
650 3824 768 3889 sincera
783 3828 948 3893 intentione
964 3828 1100 3894 Caesaris
1116 3830 1162 3895 vel
1178 3830 1311 3903 maxime,
1331 3830 1400 3895 ideo
1417 3834 1503 3897 scri-

311 3924 356 3990 bit
379 3928 540 4011 originale,
566 3930 654 4005 „dass
669 3952 737 3997 man
752 3936 832 4000 sieht
853 3936 912 4000 wie
933 3936 982 4001 die
997 3939 1117 4003 militair
1132 3938 1192 4003 und
1207 3938 1443 4005 cirilbedienten
1460 3942 1501 4005 im

310 4035 493 4118 Kbnigreieb
512 4037 724 4114 haushalten,“
749 4044 793 4107 uti
814 4043 846 4108 in
869 4045 990 4129 nuperis
1006 4047 1074 4111 dixi.
1114 4047 1220 4129 blagna
1235 4067 1290 4131 spe
1310 4068 1327 4111 a
1349 4049 1500 4114 ministris

311 4144 453 4208 lactamur
469 4146 506 4210 de
523 4167 597 4230 pace
612 4150 720 4233 optima
736 4152 943 4227 subsecutura,
960 4160 992 4220 et
1007 4155 1123 4240 aperuit
1137 4157 1208 4221 nribi
1224 4156 1290 4221 beri
1304 4157 1500 4223 milordliabi

311 4272 419 4317 nouum
441 4253 568 4319 medium
591 4256 627 4319 ad
646 4256 805 4325 Caesarem
828 4263 996 4346 cogendum
1019 4263 1056 4327 ad
1076 4285 1181 4349 pacem
1203 4286 1269 4331 cum
1285 4266 1317 4331 S.
1334 4266 1370 4333 V.
1388 4268 1498 4353 aequis

308 4360 466 4425 ineundam
483 4363 711 4439 conditionibus,
728 4369 864 4435 nimirum
880 4391 984 4454 regem
996 4372 1104 4437 Srecie
1117 4375 1188 4439 tntis
1200 4376 1230 4439 in
1241 4374 1370 4439 Ukraina
1382 4376 1498 4443 Moscis

309 4473 466 4536 tractatum
489 4491 555 4535 eum
576 4473 612 4539 iis
634 4478 817 4544 conclusisse
838 4485 870 4543 et
893 4500 948 4564 per
962 4481 1155 4547 Palatinatum
1170 4484 1360 4549 Kioviensem
1385 4505 1497 4553 versus

308 4577 463 4663 beopolim
494 4580 611 4655 redire,
644 4585 719 4667 qvod
751 4588 776 4651 si
804 4608 905 4652 verum
933 4591 973 4655 sit
1000 4595 1031 4655 et
1056 4612 1108 4656 rex
1136 4592 1262 4658 Sreciae
1288 4593 1317 4658 in
1350 4593 1500 4666 limitibus

1455 4680 1474 4770 l
