3117 5084
1177 362 1256 435 445

59 538 214 621 i'enneruy
228 559 268 603 eu
283 536 466 621 l'obiigeant
485 537 697 602 d’abandoner
712 539 741 601 le
757 537 864 604 Conrte
887 539 1033 603 Beroseni
1049 545 1080 602 et
1097 537 1135 603 de
1151 556 1258 622 repas-

59 668 109 711 ser
124 646 163 711 de
179 646 306 711 Danube
321 664 399 731 pour
414 648 554 713 seeourir
569 645 645 711 Albe
659 647 781 729 Repete.

145 756 207 820 Les
223 755 370 839 deputees
387 754 426 818 de
441 756 497 824 ΜΓ.
514 754 733 839 l’arehereque
756 758 857 820 estant
879 754 917 818 de
941 760 1046 819 retour
1063 759 1115 819 ont
1130 756 1257 821 troure'e

57 863 101 927 ies
116 863 237 928 affaires
253 863 328 929 dans
345 868 427 928 eette
439 864 592 935 situation,
609 883 686 946 pour
698 882 773 927 nous
790 863 980 929 renoureiler
993 862 1038 926 tes
1051 862 1256 946 propositions

58 969 152 1035 d'une
167 976 264 1045 treve,
280 977 312 1036 et
327 972 367 1035 de
382 972 411 1035 ia
427 972 652 1036 denomination
667 971 707 1035 du
728 971 789 1036 lieu
806 990 883 1055 pour
904 972 932 1035 la
955 970 1141 1053 negotiation
1164 970 1202 1034 de
1225 971 1253 1033 la

57 1080 140 1163 pain
156 1079 185 1143 in
202 1100 276 1145 nour
291 1080 330 1146 de
342 1081 459 1145 Vienne
475 1081 653 1165 parroissoit
668 1081 736 1165 agir
750 1082 838 1145 selon
853 1100 910 1144 son
927 1079 1088 1152 ordinaire,
1106 1079 1185 1145 eniie'
1201 1077 1257 1143 des

57 1194 221 1271 arantsges
233 1190 288 1253 des
303 1209 355 1255 ses
370 1210 470 1255 armes
486 1191 545 1254 elie
567 1193 684 1275 croyoit
704 1189 744 1255 de
767 1210 816 1255 nre
840 1194 962 1255 trouver
983 1190 1049 1273 plus
1065 1188 1187 1275 dispose
1203 1208 1259 1273 par

56 1295 86 1359 le
100 1314 207 1361 revers
220 1296 261 1360 de
276 1298 304 1361 la
319 1298 439 1361 fortune
460 1319 536 1382 pour
557 1303 677 1363 rentrer
704 1318 743 1362 en
759 1298 1027 1369 aeonunodement,
1049 1296 1119 1383 j'ay
1142 1316 1257 1381 cepen-

56 1402 131 1468 dant
144 1404 211 1487 plus
226 1405 387 1471 oousiderd
404 1425 473 1469 mon
496 1408 602 1471 devoir
625 1427 736 1471 envers
764 1407 857 1471 Votre
882 1407 1023 1490 Majestd,
1053 1426 1112 1491 que
1134 1410 1200 1469 tout
1222 1424 1258 1470 ee

56 1511 140 1596 qu’il
155 1514 276 1595 pouroit
291 1512 465 1591 nr'arrirer,
478 1513 546 1599 fay
562 1515 706 1598 disposay
728 1516 774 1579 tes
791 1515 903 1599 esprits
925 1534 1001 1597 pour
1022 1514 1168 1579 eonvenir
1184 1532 1259 1579 aree

55 1638 128 1702 moy
143 1618 214 1702 qn'ii
232 1621 325 1685 estoit
339 1621 437 1686 rnieux
453 1622 492 1685 de
508 1642 584 1687 nous
600 1642 730 1706 exposer
750 1644 807 1687 aux
823 1624 891 1707 plus
912 1623 1045 1705 grandes
1063 1622 1256 1688 extremitees

62 1748 123 1812 que
138 1728 176 1791 de
191 1747 337 1812 manquer
351 1728 391 1793 de
407 1730 436 1793 la
450 1730 577 1795 fermetd
602 1729 785 1815 al'esenrpie
801 1730 855 1795 des
878 1736 979 1795 autres
1002 1732 1053 1815 qui
1074 1736 1127 1796 out
1142 1731 1259 1815 rempiy

60 1834 100 1899 de
118 1837 236 1901 iansses
251 1836 338 1901 idetis
354 1842 420 1901 tout
435 1836 583 1921 l'Enropa
598 1837 637 1901 de
653 1843 756 1902 nostre
772 1839 883 1903 nation.

153 1943 187 2007 θ’
194 1950 242 2010 est
257 1964 347 2029 apres
362 1946 392 2008 ie
408 1945 515 2028 depart
530 1946 601 2010 Sire
617 1946 655 2011 de
671 1947 726 2011 dir.
754 1945 979 2029 l'Areheseque
996 1965 1054 2030 que
1071 1945 1099 2011 ia
1118 1946 1256 2011 nouvelle

58 2052 99 2117 de
117 2052 145 2116 la
159 2052 312 2117 iarorahie
328 2054 506 2138 disposition
521 2053 559 2117 de
574 2054 602 2117 ia
619 2058 708 2137 porte
723 2053 786 2119 m'a
804 2059 871 2119 este
887 2056 1012 2138 aportee
1028 2054 1127 2137 parte
1143 2052 1258 2118 Secre-

58 2161 139 2225 taire
155 2160 194 2225 de
209 2161 265 2225 dir.
283 2163 313 2225 ie
328 2162 461 2247 diarquis
484 2163 523 2227 de
539 2162 655 2227 Ferriol
677 2162 764 2227 vitre
780 2162 1000 2228 Ambassedeur
1023 2162 1080 2227 alla
1098 2167 1197 2247 porte,
1221 2162 1259 2227 de

58 2270 196 2333 muniere
209 2288 268 2354 que
279 2268 299 2333 Γ
310 2291 479 2355 esperonee
495 2273 546 2356 gui
561 2272 727 2337 renioreoit
742 2292 807 2336 mes
822 2272 1015 2343 resolutione,
1031 2271 1070 2336 de
1086 2270 1199 2335 n'estre
1211 2272 1259 2354 ja·

59 2378 135 2442 meis
151 2378 327 2443 abandonne
350 2377 427 2442 d'un
447 2380 613 2465 Monarque
628 2382 655 2445 si
671 2380 842 2453 Genereur,
867 2380 946 2445 auoit
969 2384 1035 2445 este
1055 2381 1081 2445 si
1103 2386 1259 2465 prompte-

58 2492 146 2551 ment
160 2486 305 2551 satisfaite
321 2507 380 2573 que
396 2489 513 2571 penses
527 2508 583 2572 par
599 2510 638 2553 un
650 2508 757 2553 seeurs
773 2490 801 2554 si
817 2489 960 2573 puissant.

152 2596 389 2661 Cettenoureile
405 2598 560 2663 russone
576 2620 633 2683 par
648 2600 727 2663 oeile
750 2600 790 2663 de
806 2599 833 2663 ia
850 2598 963 2661 dessite
981 2595 1020 2660 du
1038 2597 1168 2661 Genera!
1186 2597 1256 2661 Rzi·

58 2724 133 2770 wau
147 2706 197 2789 qui
208 2706 317 2771 restoit
331 2726 406 2769 aree
418 2726 470 2769 ses
481 2712 628 2791 trouppes
640 2728 717 2791 pour
729 2708 885 2771 continues
897 2707 927 2769 ie
939 2705 1061 2770 dessein
1074 2724 1133 2789 que
1145 2704 1258 2770 l'autre

57 2814 143 2879 auoit
157 2818 224 2877 este
240 2813 325 2881 soree
341 2812 552 2878 d'abandoner
567 2820 675 2881 contre
691 2816 720 2879 ie
737 2814 843 2879 Comte
860 2814 1023 2895 Beroseny‚
1041 2812 1116 2875 mais
1132 2832 1189 2877 son
1204 2832 1256 2875 sr-

58 2923 131 2985 rnee
146 2926 236 3005 ayant
250 2923 317 2986 este
332 2923 455 2986 russurd
470 2942 526 3005 par
538 2925 566 2987 ia
578 2923 716 2987 retraitte
732 2922 771 2987 de
788 2944 841 2987 son
859 2923 926 3005 pius
943 2922 1079 3005 puissant
1096 2942 1213 3005 enemy,
1227 2926 1258 2986 et

52 3030 219 3095 renioroee
230 3050 285 3114 par
297 3031 342 3094 ies
355 3038 499 3116 trouppes
512 3032 551 3095 de
562 3032 700 3097 diverses
716 3032 822 3097 bisons
840 3032 878 3096 de
894 3032 996 3115 pianes
1012 3050 1072 3115 peu
1090 3031 1254 3113 importan-

54 3144 117 3211 tes,
134 3138 336 3203 ebersherent
348 3142 380 3201 et
391 3143 582 3223 attaquereut
594 3140 621 3203 si
632 3160 762 3225 apropos
775 3146 826 3205 oet
839 3160 956 3223 enemy,
973 3138 1024 3223 qui
1040 3142 1093 3202 ont
1109 3139 1164 3201 mis
1180 3140 1256 3204 trois

55 3249 125 3312 rnils
142 3247 276 3311 hommes
291 3267 345 3311 sur
361 3247 389 3311 ia
404 3248 502 3331 piaee,
514 3252 547 3312 et
561 3248 616 3312 fait
631 3248 681 3311 mil
699 3249 858 3331 prisonier.
883 3249 925 3311 be
942 3246 1073 3310 Genera!
1096 3246 1256 3312 Commen-

53 3358 132 3425 dent
142 3376 239 3420 meme
248 3375 289 3421 en
300 3375 453 3441 personne
465 3378 554 3441 apres
567 3357 679 3422 s’ester
687 3358 766 3439 jette
777 3378 851 3423 eveo
864 3358 938 3422 trois
950 3376 1023 3421 eene
1036 3355 1169 3421 odieiers
1183 3356 1257 3421 dune

53 3488 96 3531 nn
114 3466 192 3551 petit
207 3465 353 3530 chateaun
368 3466 414 3530 fut
429 3467 579 3531 eontraint
594 3466 634 3531 de
650 3486 685 3530 se
701 3466 814 3532 rendre
830 3466 981 3550 prisonier
998 3467 1037 3531 de
1052 3484 1166 3546 guerre
1182 3486 1257 3531 aree

53 3578 103 3641 ies
125 3581 239 3641 autres.
260 3574 452 3641 L'artillerie
473 3582 505 3641 et
525 3577 662 3661 bagages
689 3585 758 3643 sont
779 3578 864 3641 resti
888 3576 1089 3640 entierernent
1111 3596 1147 3639 au
1172 3576 1255 3640 saiu-

56 3706 157 3771 quenr
172 3690 204 3749 et
221 3682 429 3769 i'irnportente
445 3690 532 3768 poste
548 3686 587 3749 de
603 3685 689 3750 l'lsie
705 3687 744 3751 de
761 3684 859 3750 Sehdt
875 3688 1033 3749 arestone
1049 3682 1095 3747 ies
1112 3702 1257 3767 passages

53 3796 96 3859 de
109 3794 243 3858 Morarie
254 3793 356 3859 iurent
367 3793 396 3857 le
409 3794 482 3858 fruit
493 3794 532 3858 de
542 3815 577 3857 sa
590 3795 715 3859 rietoire
728 3797 777 3879 qui
792 3793 842 3859 n'e
860 3798 948 3857 ooute
961 3790 988 3853 ia
1002 3791 1049 3857 uie
1066 3790 1139 3875 qu's
1157 3796 1256 3858 trente

55 3904 194 3974 soidats,
220 3922 296 3986 pour
324 3921 400 3967 nous
422 3903 521 3967 servir
545 3904 584 3967 de
606 3922 729 3987 masque
751 3903 890 3967 d‘autant
911 3900 978 3985 pius
1002 3900 1255 3985 eonvuinqueutes

55 4013 116 4077 des
133 4030 242 4093 graoes
264 4011 303 4074 dn
319 4010 482 4092 Seigneur.
499 4012 544 4074 Le
561 4017 665 4076 retour
680 4011 750 4075 Sire
767 4011 805 4074 de
821 4031 857 4074 oe
871 4010 929 4073 bon
942 4010 1053 4073 suecia
1067 4014 1099 4071 et
1111 4018 1257 4093 conquet-

54 4130 108 4185 tez
126 4118 164 4182 de
179 4124 245 4183 tout
261 4139 298 4183 oe
314 4139 373 4204 que
390 4138 465 4183 nous
481 4119 583 4183 avions
606 4121 702 4203 quitte
725 4142 763 4183 ne
779 4118 842 4183 ur'a
867 4118 921 4182 isit
943 4119 1109 4182 nuilement
1130 4116 1257 4197 rejetter

55 4230 105 4293 ies
123 4228 325 4311 propositione
342 4228 381 4290 de
397 4227 452 4290 Mr.
471 4228 499 4290 ie
516 4227 648 4311 Msrquis
664 4229 703 4292 de
718 4227 848 4300 Ferrioi,
862 4226 934 4291 mais
950 4230 1038 4312 ayant
1049 4225 1179 4292 d‘abord
1200 4225 1256 4290 de-

56 4335 160 4423 peehe
176 4337 233 4399 des
249 4356 371 4420 expres,
393 4336 431 4401 de
447 4336 511 4419 i'ay
533 4338 599 4419 prie
614 4336 796 4420 d‘aoeepter
824 4338 852 4400 ie
881 4356 1006 4400 seoours
1028 4336 1084 4399 des
1106 4335 1204 4399 Tures
1229 4335 1256 4398 si

57 4443 130 4509 eeia
144 4465 180 4509 se
196 4450 279 4528 peut,
294 4464 364 4508 sans
380 4445 455 4509 taire
471 4464 592 4508 remuer
608 4450 710 4510 tontes
723 4446 767 4507 ies
786 4446 886 4509 soreos
899 4445 937 4508 de
950 4444 1100 4527 i’Empire
1117 4443 1257 4508 Ottomen

56 4572 141 4639 pour
155 4572 195 4615 ue
210 4573 264 4637 pas
280 4572 389 4617 eauser
404 4551 442 4616 de
467 4552 639 4636 1'ornbrage
661 4574 698 4617 au
723 4573 800 4638 pape
825 4558 856 4618 et
880 4573 935 4617 aux
959 4557 1061 4617 autres
1081 4551 1257 4636 puissunees
