3117 5084
289 322 340 393 4ss

285 498 403 581 pridem
421 500 567 564 Rumores
587 501 744 582 ilungaros
764 501 932 565 Furearum
954 501 1061 563 auxilia
1083 500 1279 573 sollicitasse;
1302 500 1386 563 lstud
1408 519 1474 563 rere

287 612 335 671 est
357 628 444 691 quarn
468 607 657 672 salsissimum
680 613 711 672 et
733 609 878 693 Princeps
901 630 919 673 a
942 608 1081 673 Foedere
1102 628 1170 673 cum
1191 609 1298 672 Turcis
1322 606 1477 691 pangendo

286 720 400 779 tantum
416 716 520 788 abfuit,
538 722 570 783 ut
586 738 625 780 ne
641 718 762 801 quidem
777 718 897 782 Foedus
913 718 1099 782 commodum
1114 736 1183 781 cum
1191 716 1279 799 Rege
1292 716 1412 781 Galliae
1426 718 1478 780 ini·

285 823 375 895 verit,
392 826 524 908 quamuis
540 828 620 889 enim
636 827 730 909 ipsius
745 828 846 910 aliquo
860 824 995 891 subsidio
1010 828 1156 910 Princeps
1171 825 1297 896 iuratur,
1319 825 1479 909 plenarian
1555 907 1556 920 ἵ

287 939 387 999 mmeu
410 933 469 998 sibi
491 937 657 1000 reservavit
678 936 864 1000 Libertatem
888 933 1113 1001 concludendae
1140 954 1208 1000 cum
1230 935 1364 999 Caesme
1389 934 1479 1007 Pacis,

287 1042 524 1128 quandocunque
548 1045 578 1108 id
602 1065 621 1107 e
642 1044 687 1109 Re
702 1046 796 1129 ipsius
821 1044 928 1117 lirerit,
950 1047 1037 1128 cujus
1052 1046 1165 1109 ueritas
1179 1044 1365 1129 perspicitur
1379 1064 1401 1107 e
1415 1064 1480 1129 pro-

286 1152 361 1234 priis
383 1153 576 1219 serenissimi
600 1153 718 1226 verbis,
740 1174 758 1217 e
780 1174 895 1238 nupera
918 1154 1044 1238 quadam
1065 1152 1103 1217 ad
1118 1156 1232 1235 Regem
1255 1153 1399 1217 Prnssiae
1419 1153 1480 1217 data
1555 1223 1556 1232 q

284 1260 484 1324 instructione
500 1260 577 1347 (rid.
595 1260 681 1348 art).
694 1263 800 1326 Dicam
814 1282 888 1327 uero
904 1262 984 1347 quod
999 1283 1050 1327 res
1066 1266 1124 1332 est,
1140 1264 1304 1346 lmperator
1318 1263 1482 1326 'ltrrearum

287 1368 370 1431 lerrc
383 1369 506 1433 minime
521 1376 621 1454 potest
636 1390 777 1455 supremo
792 1372 869 1437 lure
883 1372 1143 1454 lranssylraniam
1157 1372 1190 1436 in
1205 1372 1368 1435 Caesarem
1384 1376 1480 1434 marn·
1554 1351 1556 1366 ³

286 1478 371 1549 terri,
387 1478 517 1563 ideoque
533 1480 704 1565 Principem
719 1485 820 1563 urget,
842 1486 878 1545 ut
896 1481 923 1544 is
938 1480 987 1545 uel
1003 1498 1071 1545 cum
1086 1480 1285 1545 Romanorum
1300 1480 1482 1564 lnperatore

286 1607 382 1671 aequa
394 1608 470 1671 pace
486 1590 627 1653 conclusa
643 1590 903 1673 Transsylrnniam
917 1589 976 1653 sibi
992 1589 1149 1661 vendicet,
1171 1589 1221 1653 rel
1236 1589 1349 1653 Secum
1364 1588 1482 1651 Foedus
1555 1571 1556 1590 ³

288 1697 380 1767 ineat,
398 1718 456 1781 quo
473 1698 644 1782 praedictus
660 1698 850 1782 Principutus
864 1700 1031 1763 lbrcarum
1052 1696 1142 1761 armis
1162 1696 1221 1761 sibi
1245 1701 1411 1761 essentum.
1442 1696 1483 1759 Ru

286 1804 380 1869 altera
396 1811 482 1889 parte
498 1808 601 1871 Status
617 1808 778 1873 Foederati
794 1808 860 1892 pari
877 1807 966 1872 modo
982 1807 1153 1890 Principem
1169 1806 1330 1887 adurgent,
1351 1805 1480 1889 noeque,

285 1914 365 1996 quod
377 1913 448 1987 dixi,
461 1916 493 1977 in
506 1935 596 1979 causa
612 1921 670 1988 ost,
687 1936 779 1999 quare
793 1917 938 2000 Princeps
952 1915 990 1980 ad
1003 1914 1149 1997 Reginam
1159 1915 1289 1997 biegnae
1299 1912 1483 1978 Brittanniae

286 2027 318 2086 et
333 2024 435 2087 Status
447 2024 607 2089 Foederati
618 2026 717 2107 Belgii
730 2026 840 2090 Grates
855 2031 1003 2098 recurret,
1015 2030 1049 2089 ut
1060 2027 1193 2109 ipsorum
1204 2026 1379 2089 interuentu
1394 2028 1485 2107 atque

286 2130 468 2197 blediatioue
483 2134 543 2197 Pax
558 2133 704 2214 ejusmodi
721 2135 901 2199 obtineatur.
933 2135 999 2216 Quo
1014 2135 1080 2219 ipso
1096 2133 1243 2198 Fetorem
1259 2131 1483 2197 etBenelicium

287 2238 447 2304 exhibituri
460 2242 544 2314 estis,
557 2263 617 2307 non
628 2244 777 2326 llungaris
789 2245 896 2315 solum,
908 2244 963 2307 sed
975 2244 1041 2327 ipso
1053 2245 1145 2307 etiam
1160 2242 1286 2305 maxime
1296 2240 1485 2325 Imperatori,

285 2348 335 2410 cni
351 2348 409 2413 hoc
434 2356 521 2433 paeto
544 2352 740 2417 conciliabitis
771 2351 879 2416 bonam
896 2351 1117 2415 Conscientiam
1133 2355 1166 2414 et
1179 2346 1385 2433 Tranquillum
1401 2350 1484 2430 Reg-

285 2475 366 2529 num,
383 2457 440 2522 duo
456 2461 677 2544 preciosissima
694 2461 808 2544 Regiae
824 2462 961 2525 Cor-ome
976 2459 1112 2543 cymelia.

375 2566 473 2630 Finita
489 2568 632 2633 Oratione
647 2570 713 2633 [lux
729 2570 768 2635 de
784 2569 1018 2652 blarleborougb
1033 2569 1174 2654 loquendi
1198 2568 1314 2634 initium
1336 2566 1428 2638 fecit,
1453 2575 1485 2631 et

281 2677 355 2741 licet
367 2676 503 2760 plurima,
513 2680 657 2763 quaejam
669 2679 749 2743 dicta
761 2679 891 2750 fuerant,
903 2680 949 2743 sic
961 2678 1155 2750 reiterentur,
1172 2678 1364 2742 nibilominus
1377 2683 1483 2741 tamen

285 2792 319 2850 nt
330 2787 495 2851 Serenitati
505 2788 583 2852 Vrec
599 2794 704 2853 exacte
720 2794 842 2854 constet
856 2789 953 2852 series
971 2795 1003 2851 et
1019 2784 1113 2859 Ordo,
1130 2806 1189 2871 quo
1205 2788 1304 2849 omnia
1319 2790 1388 2849 acta
1402 2789 1484 2857 sunt,

285 2898 445 2981 omniaque
466 2900 580 2981 prolata
597 2898 693 2971 suere,
710 2898 761 2963 bic
782 2897 969 2963 annectenda
991 2898 1107 2961 censui.
1138 2894 1297 2980 lnquiebat
1310 2894 1405 2977 igitur
1419 2895 1486 2958 unx

285 3004 324 3069 de
339 3005 572 3089 blurleborough
587 3006 683 3090 Regni
701 3008 872 3088 Hungariae
893 3026 951 3070 nec
973 3026 1033 3070 nou
1054 3005 1242 3087 Religionum
1258 3002 1487 3087 Oppressionee

284 3136 321 3179 ex
336 3116 402 3179 aliis
418 3117 507 3179 etiam
523 3117 689 3182 innotuisse
701 3115 916 3186 Relationibus,
939 3136 1019 3180 nunc
1034 3116 1130 3180 solum
1145 3114 1266 3198 quaeri,
1284 3112 1433 3197 quomodo
1448 3111 1486 3175 ab

284 3224 391 3289 iisdem
407 3224 529 3289 liberari
553 3231 652 3310 queat.
686 3225 866 3289 Generalem
884 3226 993 3289 Pacem
1020 3224 1118 3307 magis
1137 3222 1266 3288 deinum
1286 3242 1373 3294 esse,
1397 3240 1487 3306 quam

286 3334 405 3417 quidem
421 3335 572 3405 credatur,
589 3338 639 3397 aut
654 3355 711 3418 per
726 3354 782 3397 nos
798 3339 951 3398 voveatur.
968 3335 1052 3397 Hanc
1065 3330 1109 3421 (si
1120 3332 1158 3396 ad
1170 3351 1237 3396 eam
1251 3329 1412 3394 ineundam
1424 3331 1486 3394 Rex

286 3442 399 3505 Galliue
424 3444 621 3507 necessitates
645 3442 753 3529 luerit)
776 3443 855 3505 nulla
877 3442 934 3505 ulia
958 3442 1199 3506 consideratione
1221 3440 1360 3525 impediri
1382 3458 1486 3523 posse,

286 3550 478 3613 Serenissimi
485 3556 516 3615 et
523 3550 808 3616 confoederatorum
817 3550 954 3613 Statuum
965 3550 1117 3613 interesse
1123 3549 1155 3613 id
1166 3548 1335 3632 requirere,
1342 3549 1485 3632 utprius-

287 3678 374 3742 quam
385 3659 435 3721 illa
447 3660 607 3730 coalescat,
620 3659 696 3723 bace
708 3660 739 3722 in
750 3659 904 3741 llungaria
916 3657 1121 3723 concludatur.
1141 3656 1240 3720 bledia
1251 3658 1289 3720 ad
1313 3676 1379 3719 eum
1403 3654 1486 3721 obti-

287 3764 413 3827 nendam
426 3766 578 3850 proposita
589 3766 677 3849 plane
691 3766 842 3830 contraria
858 3784 943 3837 esse,
956 3770 989 3829 et
1000 3766 1145 3829 Punctum
1158 3764 1262 3829 Solum
1273 3763 1312 3827 de
1321 3762 1484 3844 Quarautia

286 3880 318 3937 ut
341 3881 373 3938 et
389 3874 617 3957 'Franssylvunia
634 3875 807 3939 Tractatum
828 3873 1031 3957 abrupturum.
1058 3873 1222 3938 Consilium
1245 3892 1331 3936 suum
1346 3892 1438 3945 esse,
1453 3877 1486 3934 ut

288 3983 444 4046 Serenitas
458 3982 516 4045 Vra
532 3982 629 4046 adbuc
645 3983 753 4046 elarius
770 3988 910 4065 exponat,
928 3980 1271 4065 quibusssonditionibus
1287 3980 1485 4063 acquiescere

286 4090 369 4161 velit,
379 4090 495 4155 etbunc
508 4090 540 4153 in
551 4091 762 4155 casumaliatos
771 4090 878 4153 officiis
889 4090 1021 4153 suisnon
1032 4090 1198 4153 defuturos.
1207 4089 1485 4173 Responsum:Non

287 4199 394 4262 Pacem
406 4198 510 4267 solum,
519 4196 574 4261 sed
583 4218 640 4261 neo
646 4198 754 4261 Pacem
770 4197 891 4269 bonam,
902 4198 929 4261 si
938 4196 1316 4262 extermumPotentiarum
1323 4194 1485 4259 Guarnnt'm

287 4306 437 4370 suffulcita
454 4325 513 4368 non
529 4306 583 4377 sit,
601 4306 770 4386 llungeriue
791 4305 968 4375 satisfacere
984 4327 1085 4389 posse.
1101 4307 1250 4370 Assumsit
1263 4306 1341 4369 baec
1355 4306 1434 4375 Dux,
1450 4324 1484 4366 ac

288 4416 425 4498 intelligo
435 4413 535 4498 ajebat
548 4414 747 4497 objectionem
758 4416 858 4486 Vnum,
867 4416 1005 4479 niudrum
1013 4417 1271 4499 llungarostoties
1277 4435 1346 4479 cnm
1355 4414 1483 4477 caesore

288 4525 461 4610 pepigisse,
484 4524 539 4588 bas
556 4524 777 4589 Consentiunes
792 4531 894 4588 tamen
915 4546 933 4589 a
948 4526 1037 4589 Parte
1054 4528 1194 4593 Caesaris
1208 4544 1330 4609 semper
1345 4523 1484 4588 infractus
