3117 5084
323 390 375 461 30

410 563 441 629 d.
464 564 556 631 Utin
577 570 714 649 quantum
734 564 879 650 possibile
900 564 992 630 fuerit
1012 565 1109 630 media
1132 564 1373 639 adinveniantor,
1397 564 1497 651 copias

321 672 441 739 danicae
457 694 494 737 eu
508 673 658 757 Hungaria
673 673 821 739 educendi
836 694 947 760 easque
963 674 1051 740 alium
1064 674 1096 738 in
1111 675 1209 740 locum
1224 672 1402 739 destinandi

410 782 440 847 a.
465 782 504 848 Ut
517 783 644 848 ministri
658 782 845 849 mediationis
861 784 939 848 omni
955 804 1012 869 ope
1027 785 1170 857 nitantur,
1190 803 1350 869 personam
1365 782 1499 849 Caesaris

320 892 377 956 bac
388 892 419 955 in
430 912 465 955 re
478 910 576 956 coram
592 892 782 977 compellare,
799 913 865 958 cum
880 894 968 957 actiui
983 894 1067 959 aulae
1083 895 1149 978 ejus
1163 892 1290 957 ministri
1301 914 1320 959 a
1331 892 1500 959 Jesuitisiu

320 1006 421 1088 partes
437 1002 483 1066 vel
499 1001 588 1067 tracti
603 1001 663 1066 sint
676 1002 723 1066 uel
739 1001 818 1066 trabi
832 1002 922 1066 facile
938 1007 1056 1087 queant

409 1108 443 1174 ln
469 1110 571 1196 speeie
598 1113 631 1175 ut
657 1129 757 1175 comes
789 1109 827 1175 de
849 1110 1025 1177 wratislaw
1050 1132 1068 1175 a
1095 1110 1304 1176 commissione
1328 1108 1499 1176 mediatoris

321 1218 503 1286 excludatur.

886 1346 937 1412 13.

578 1490 737 1556 bericht
761 1489 965 1556 Klement's
991 1512 1035 1555 au
1060 1490 1240 1575 lidkdcry.

684 1616 836 1690 Londino,
851 1617 905 1683 28.
921 1618 1020 1683 blartii
1037 1617 1135 1684 17⁰9.

411 1760 602 1844 Posteaquam
625 1780 691 1825 cum
713 1760 829 1825 domino
844 1760 1001 1826 anlonsli
1023 1761 1124 1827 Cliuiis
1151 1762 1347 1825 mouissemus
1375 1759 1499 1824 assiduis

320 1868 475 1935 itineribus
495 1868 614 1934 tandem
628 1870 794 1935 bandinum
814 1870 971 1935 aeonius
995 1869 1180 1955 appullimus.
1210 1870 1240 1935 3.
1257 1873 1327 1955 post
1342 1869 1498 1934 adrentum

323 1977 371 2041 die
387 1976 464 2061 apud
480 1976 583 2042 ducem
601 1976 638 2041 de
651 1978 864 2062 blarlborougb
881 1980 1036 2045 commissa
1052 1999 1069 2042 a
1085 1979 1118 2043 S.
1134 1980 1170 2044 V.
1187 1979 1306 2045 executi
1320 1998 1437 2051 sumus,
1454 1977 1498 2062 qui

322 2086 445 2151 eandem
461 2106 634 2151 assecurare
649 2087 757 2171 jussit,
774 2110 809 2153 se
823 2088 882 2153 imo
898 2093 929 2153 et
943 2088 1087 2172 Reginam
1107 2092 1238 2173 paratam
1259 2107 1329 2152 esse
1351 2086 1390 2151 ad
1412 2106 1500 2172 prac-

321 2194 425 2259 standa
439 2194 603 2259 omnimoda
619 2196 771 2280 possibilia
786 2196 908 2261 semitis
929 2200 962 2261 et
976 2198 1134 2280 Hungarae
1155 2198 1255 2281 genti,
1277 2200 1310 2262 et
1330 2202 1499 2261 curaturum

320 2323 364 2374 se.
380 2308 414 2368 ut
427 2302 531 2367 iisdem
547 2323 721 2389 perpacem
737 2305 854 2369 omnino
871 2304 1003 2369 satisfiat
1026 2306 1144 2371 Dictum
1159 2305 1245 2370 nobis
1260 2310 1318 2377 est,
1331 2303 1499 2389 deputato·

320 2432 388 2477 nem
408 2433 444 2477 ex
460 2414 582 2479 consilio
598 2414 729 2497 Reginae
745 2414 847 2479 intimo
862 2413 1088 2488 instituendam,
1111 2435 1169 2501 que
1190 2414 1345 2479 nobiscum
1360 2414 1499 2478 conferre

321 2520 439 2593 debeat,
455 2527 488 2587 ut
502 2522 576 2587 adeo
592 2524 808 2588 necessitemur
822 2524 872 2589 bic
888 2519 1065 2608 aliquantum
1077 2524 1261 2589 commorari.
1285 2522 1419 2588 Obtenta
1431 2540 1498 2586 vero

321 2632 509 2717 expeditione
526 2652 608 2717 qvam
625 2633 766 2698 citissime
781 2634 852 2699 hinc
868 2636 985 2699 solvere
1001 2656 1037 2700 ac
1050 2634 1133 2699 finito
1150 2634 1238 2698 etiam
1252 2632 1353 2715 llagae
1377 2631 1498 2714 negotio

320 2741 507 2814 Berobnum,
536 2762 592 2825 ego
620 2762 690 2807 vero
718 2744 747 2807 in
777 2743 957 2826 Hungariam
984 2764 1147 2829 properare
1174 2764 1233 2807 non
1258 2741 1499 2806 intermittemus.

323 2849 567 2917 Wiennaiterato
578 2851 719 2915 scribitur
731 2856 762 2915 et
774 2852 884 2916 ibidem
896 2852 1033 2917 residens
1049 2854 1133 2917 aulae
1148 2853 1236 2937 hujus
1251 2851 1388 2915 minister
1403 2849 1499 2933 signi·

322 2957 391 3023 licat
414 2957 650 3024 Lubomirslium
671 2960 840 3044 ilungauiae
866 2961 1049 3045 periculosas
1078 2962 1181 3026 tacere
1209 2959 1448 3048 propositiones,
1471 2960 1500 3020 ut

322 3066 432 3131 Caesar
442 3066 583 3141 militiam,
597 3087 680 3153 qvam
691 3069 743 3133 ille
754 3071 785 3133 in
797 3070 942 3154 Scepusio
953 3069 1054 3142 hebet,
1070 3070 1101 3133 in
1117 3069 1264 3155 stipendia
1278 3088 1331 3133 sua
1346 3071 1458 3140 sumat,
1473 3070 1500 3129 et
1544 3111 1545 3149 r

321 3173 438 3239 ridetur
464 3176 557 3240 aulam
584 3177 653 3242 huic
675 3177 816 3243 oblationi
839 3198 939 3244 aurem
960 3178 1125 3264 praebere,
1152 3198 1218 3242 nam
1241 3178 1273 3242 in
1298 3176 1499 3242 dimissionem
1544 3163 1545 3200 ³

321 3284 471 3367 copiarum
493 3284 660 3350 danicarum
673 3288 734 3370 jam
758 3289 823 3351 tere
839 3288 1010 3359 consensit,
1032 3306 1106 3372 quae
1122 3285 1159 3350 ad
1182 3287 1201 3351 3
1223 3288 1318 3351 solum
1336 3285 1420 3348 mille
1441 3306 1460 3349 a
1481 3284 1498 3347 b

321 3391 462 3457 reductae
482 3394 541 3459 boc
568 3414 644 3458 anno
666 3396 737 3460 nihil
762 3397 880 3480 operari
899 3400 1055 3481 poterunt,
1079 3396 1105 3459 si
1126 3396 1163 3460 iis
1178 3397 1401 3481 supplementa,
1426 3412 1497 3477 quae

321 3503 382 3564 tum
397 3500 559 3586 imperator
573 3504 676 3587 uigore
693 3509 863 3569 contractus
880 3505 1105 3570 subministrare
1128 3508 1299 3576 teneretur,
1322 3503 1396 3566 licet
1419 3521 1497 3566 nunc

322 3613 452 3681 recuset,
469 3609 535 3675 data
551 3632 610 3675 non
621 3613 743 3678 fuerint.
759 3612 805 3677 Ab
818 3614 922 3679 alliatis
938 3613 1023 3679 simul
1039 3617 1071 3678 ut
1087 3618 1118 3677 et
1132 3634 1149 3677 a
1161 3613 1254 3678 Gallis
1268 3612 1398 3695 majores
1413 3629 1497 3695 quarn

321 3736 445 3802 unquam
466 3718 566 3783 bellici
587 3725 742 3806 apparatus
765 3722 966 3795 instituuntur,
988 3729 1019 3786 et
1042 3742 1152 3794 rumor,
1177 3720 1280 3807 quide
1301 3720 1398 3786 uicina
1423 3738 1496 3804 pace

321 3826 550 3912 percrebuerat,
571 3850 649 3893 nunc
671 3830 791 3894 diminui
811 3830 937 3895 ridetur.
983 3830 1107 3895 Gazette
1128 3830 1322 3895 Wiennensis
1348 3827 1496 3910 indignat,

322 3936 479 4001 Caesarem
494 3936 555 4001 siue
571 3938 646 4010 sine,
662 3938 724 4003 sive
736 3959 792 4023 per
806 3938 1014 4003 mediationem
1025 3938 1193 4022 ilungariae
1207 3960 1259 4003 res
1274 3936 1495 4004 accommodare

321 4046 398 4111 uelle
421 4050 452 4110 et
472 4045 508 4110 iis
524 4066 626 4111 omnes
642 4045 796 4112 libertates
811 4046 958 4119 reddere,
981 4048 1021 4111 ita
1042 4051 1141 4111 tamen
1164 4050 1197 4111 ut
1218 4046 1438 4112 'l'ranssilvanie
1460 4044 1494 4109 ab

321 4154 469 4238 Huugaria
492 4178 552 4221 non
578 4156 729 4221 avellatur.
767 4156 893 4221 Additur
913 4156 1013 4221 comiti
1030 4156 1186 4220 bethlenio
1213 4175 1386 4241 processum
1412 4174 1493 4219 suum

320 4264 442 4337 institui,
460 4264 535 4350 qvod
548 4269 616 4329 ante
632 4264 742 4350 aliquot
757 4286 850 4330 annos
864 4264 931 4329 lieri
956 4263 1119 4329 debuisset.
1151 4263 1235 4348 Quod
1249 4269 1407 4330 montanae
1422 4262 1492 4329 ciri·

319 4378 395 4438 tates
419 4374 571 4438 ammissae
592 4373 670 4447 sint,
692 4394 798 4458 magna
820 4374 869 4437 lrie
891 4375 966 4438 tama
990 4377 1084 4438 estet
1099 4373 1217 4446 dicitnr,
1238 4372 1492 4457 recuperationem

320 4502 420 4547 earum
445 4500 582 4566 magnum
601 4486 778 4547 momentum
801 4481 838 4546 ad
859 4481 989 4546 feliciter
1003 4481 1185 4547 inchoandos
1206 4485 1238 4547 et
1251 4480 1399 4545 finiendos
1414 4478 1491 4566 pacis

320 4594 463 4662 tractatus
480 4590 650 4654 addituram.
