3117 5084
647 590 702 654 68.

78 729 556 795 Proteetious·Urlruncle
586 731 652 796 des
681 734 857 816 llbnigs
885 752 959 797 ron
987 735 1184 797 Preussen
1215 734 1279 797 fiir

280 837 454 922 Rekiozy
478 839 550 902 und
575 839 637 903 alie
661 841 882 924 lillebtigen
906 842 1075 925 Ungern.

420 981 571 1056 Berlin,
596 983 655 1046 21.
680 983 794 1047 Febr.
822 983 933 1048 1711.

80 1119 190 1194 Copie
210 1121 296 1176 dela
316 1125 513 1178 Proteetion
533 1123 675 1180 uecordi
698 1127 890 1198 parlelloy
910 1128 1277 1184 (lePrusseauPrince

442 1215 584 1269 Rakoczi
605 1221 636 1269 et
655 1235 717 1270 aux
736 1217 911 1287 Hongrois.

169 1380 232 1443 Nes
255 1379 427 1445 Fridericus
451 1382 499 1446 dei
529 1383 625 1465 gratia
647 1385 709 1447 Rex
734 1384 896 1447 Borussiae
925 1388 983 1445 etc.
1023 1382 1132 1447 Notum
1155 1383 1278 1447 iacimus

79 1488 220 1552 omnibus
244 1494 275 1552 et
298 1490 424 1570 singulis
442 1491 549 1575 quibus
572 1493 693 1576 expedit
715 1491 863 1555 universis
885 1490 1123 1575 qvandoqridem
1140 1493 1278 1555 celsissi-

79 1616 143 1660 mus
161 1599 194 1660 S.
213 1599 246 1660 ll.
263 1596 292 1661 J.
310 1598 455 1681 Princeps
471 1599 599 1662 Rnkoozi
617 1604 764 1682 cognatus
782 1602 813 1662 et
835 1599 946 1662 amicus
963 1604 1069 1662 noster
1085 1600 1278 1664 charissimus

78 1705 267 1789 perfidelem
281 1723 366 1768 suum
379 1705 591 1771 cubicularium
604 1709 672 1772 lob.
686 1707 777 1771 ltlich.
793 1706 831 1769 de
843 1707 984 1770 Klement
1000 1707 1077 1790 apud
1093 1709 1280 1790 Majestatem

78 1820 213 1878 nostram
239 1815 357 1878 nomine
381 1834 434 1877 suo
461 1821 491 1877 et
515 1815 802 1880 Confoederatorum
829 1818 926 1899 Regni
950 1818 1119 1900 llungariae
1149 1822 1278 1880 statuum

78 1942 185 1986 eorum
207 1923 344 2006 inprimis
369 1923 416 2005 qvi
439 1943 505 1988 cum
528 1925 648 1988 altelato
666 1925 806 2008 Principe
826 1931 955 2006 cognato
973 1931 1076 1990 nostro
1094 1925 1131 1990 ob
1149 1925 1281 1988 infelicia

77 2032 233 2095 bellorum
258 2031 317 2094 lato
342 2051 377 2096 ex
401 2033 551 2114 Hungaria
578 2055 612 2096 se
644 2033 783 2118 recipere
811 2035 1017 2104 resolverunt,
1047 2034 1149 2098 debite
1177 2035 1281 2097 instari

77 2141 196 2203 curarit
227 2145 259 2203 ut
287 2141 423 2204 nimirum
452 2141 531 2203 dicto
561 2143 692 2226 Principi
724 2142 861 2224 ejusdem
891 2143 1092 2227 Principissae
1119 2161 1281 2226 eorumque

77 2255 195 2310 sortem
219 2248 304 2330 seqri
326 2249 487 2310 volentium
512 2249 647 2314 omnibus
669 2250 700 2312 in
723 2251 870 2313 communi
896 2256 925 2312 et
948 2251 1056 2333 coique
1074 2251 1103 2311 in
1127 2251 1230 2332 specie
1252 2250 1282 2311 in

77 2357 187 2438 Regno
200 2359 302 2418 nostro
316 2355 475 2418 Borussiae
492 2358 653 2440 specialem
671 2359 993 2442 elementissimnmque
1010 2366 1142 2421 nostram
1154 2358 1282 2422 Proteo-

76 2466 192 2530 tionem
211 2464 381 2528 concedere
394 2466 596 2548 dignaremur,
612 2467 674 2530 Nos
694 2469 771 2530 lacta
786 2488 878 2550 super
894 2468 973 2530 dicta
980 2467 1127 2550 Principis
1141 2468 1282 2530 instantia

77 2572 315 2637 clementissima
331 2574 493 2638 reflexione
514 2595 569 2658 pro
586 2564 687 2638 innata
704 2582 805 2638 nostra
822 2593 896 2657 erga
913 2595 1076 2659 oppressos
1093 2580 1125 2638 et
1140 2574 1279 2639 infelices

77 2681 270 2763 benignitate
286 2688 317 2745 et
333 2683 412 2746 inter
424 2685 492 2764 jure
509 2687 632 2767 recepta
649 2683 830 2747 humanitate
847 2702 883 2747 ae
898 2685 1042 2768 imprimis
1059 2704 1096 2747 ex
1107 2684 1282 2767 particulari

77 2809 137 2872 qvo
152 2807 229 2871 erga
241 2791 420 2854 nominatum
431 2789 602 2874 Principem
613 2791 831 2873 Nationemque
844 2792 1014 2872 ilungaram
1030 2791 1130 2875 ibique
1147 2792 1281 2855 existen-

77 2903 126 2962 tes
139 2897 342 2980 Evangelioos
354 2899 478 2963 ferimur
490 2899 599 2962 ellectu
611 2901 641 2961 in
654 2900 729 2964 haec
746 2900 867 2964 nomine
883 2901 1029 2984 principis
1046 2905 1078 2964 et
1092 2906 1281 2964 caeterorum

77 3008 290 3089 ilungarorum
307 3007 384 3090 apml
400 3027 454 3070 nos
471 3008 662 3072 hummlllime
678 3009 756 3072 lacta
774 3010 867 3091 petita
889 3008 1105 3091 benignissime
1127 3010 1280 3074 consenti·
1388 3075 1396 3097 ¹

77 3137 166 3188 mus,
188 3135 224 3178 ae
245 3115 371 3200 proinde
394 3118 499 3199 rigore
524 3119 725 3200 praesentium
749 3115 916 3202 praefatum
933 3118 1132 3182 celsissimum
1149 3118 1181 3181 S.
1199 3119 1233 3183 ll.
1250 3119 1279 3182 l.

77 3226 255 3309 Principem
278 3225 405 3290 llalroczi
433 3225 500 3307 ejus
526 3225 693 3309 principem
721 3227 880 3309 conjugem
906 3227 1053 3291 eteniam
1081 3232 1280 3310 caeterosque

78 3336 210 3402 comites
231 3333 361 3398 barones
383 3335 500 3398 nobiles
523 3353 560 3398 ex
581 3333 731 3418 Hungaria
757 3336 880 3399 exulare
903 3335 1041 3399 uolentes
1065 3335 1280 3417 cujuscumque

76 3445 204 3510 tandem
221 3448 316 3508 status
333 3443 446 3526 gradm
462 3443 585 3506 honoris
601 3449 633 3506 et
647 3444 804 3526 religionis
820 3444 934 3507 luerint
950 3461 1053 3507 omnes
1069 3445 1100 3505 in
1117 3461 1233 3526 genere
1250 3447 1281 3505 et

78 3553 222 3636 singulos
243 3553 274 3615 in
296 3551 399 3635 specie
415 3551 508 3614 verbo
525 3555 630 3615 nostro
647 3551 740 3633 Regio
757 3555 948 3621 assecuretos
965 3553 1201 3621 essevolumus,
1217 3549 1280 3614 Nos

79 3678 341 3743 successoresque
365 3665 484 3725 nostros
507 3659 672 3744 praelatum
697 3661 866 3745 Principem
891 3664 923 3723 et
947 3660 1012 3741 eius
1037 3660 1175 3723 familiam
1205 3678 1281 3723 eun-

80 3775 212 3852 etosque
229 3768 328 3851 quise
348 3767 378 3830 in
394 3770 529 3851 Regnum
546 3774 679 3832 nostrum
702 3767 864 3833 Borussiae
888 3767 1062 3852 receperint
1085 3767 1115 3830 in
1139 3766 1281 3831 Personis

80 3897 188 3943 eorum
211 3895 333 3960 semper
354 3881 457 3940 contra
481 3896 688 3962 quemcunque
713 3877 946 3941 clementissime
973 3880 1165 3960 protecturos
1192 3879 1224 3938 et
1249 3880 1283 3938 ut

81 3987 186 4052 securi
216 3988 247 4048 in
271 4003 367 4067 regno
391 3991 492 4048 nostro
515 4005 693 4068 permanere
710 3988 828 4072 possint
843 3992 1009 4056 curaturos,
1026 3985 1079 4047 tali
1095 4003 1160 4047 cum
1177 3982 1282 4046 decla-

81 4097 203 4160 ratione
231 4099 266 4158 ut
285 4094 365 4158 dieto
383 4094 511 4176 Principi
535 4094 722 4179 eundemque
744 4094 894 4158 secuturis
920 4091 1057 4156 omnibus
1072 4095 1102 4155 in
1118 4111 1234 4175 genere
1252 4097 1283 4154 et

83 4203 215 4286 singulis
235 4203 265 4265 in
287 4203 391 4286 speeie
413 4221 478 4266 cum
502 4203 691 4285 Religionum
713 4203 808 4266 libero
831 4203 976 4266 exercitio
996 4201 1028 4263 in
1055 4218 1150 4281 regno
1178 4204 1281 4261 nostro

84 4312 265 4383 Borussiae,
286 4309 363 4374 bone
381 4331 499 4383 emere,
523 4312 689 4395 acquirere,
707 4312 819 4381 locare,
835 4310 983 4374 erendare
999 4307 1129 4390 denique
1146 4305 1282 4370 omnibus

83 4423 133 4485 bis
148 4419 338 4485 libertatibus
354 4424 385 4483 et
401 4420 619 4503 praerogativis
636 4419 706 4482 dicti
724 4418 812 4499 regni
825 4420 919 4481 nostri
932 4437 1009 4501 quae
1021 4436 1076 4500 pro
1089 4413 1282 4479 subsistentia

85 4551 141 4593 suu
156 4533 281 4612 recepta
299 4547 354 4611 per
369 4528 482 4592 incolas
499 4528 571 4592 dieti
587 4528 675 4610 regni
691 4527 786 4590 nostri
801 4526 890 4590 modo
906 4528 955 4609 agi
973 4532 1004 4591 et
1018 4524 1086 4588 fieri
1100 4525 1228 4605 possunt
1238 4521 1283 4585 nti

119 4637 214 4682 roem.
230 4635 299 4681 sau.
311 4635 338 4678 n.
356 4635 395 4679 ec.
407 4636 473 4679 nvn.
1013 4632 1047 4686 lo
1145 4677 1151 4688 ,
