3117 5084
303 294 378 368 158

297 472 384 555 Quod
396 478 466 557 post
476 472 642 537 discessum
653 476 869 539 Dominaliouis
877 473 1005 539 Vestrae
1017 476 1144 541 Armada
1153 478 1301 541 Caesarea
1313 496 1492 561 progressus

294 602 366 646 snos
381 582 581 646 continuando
595 583 789 666 receptisqve
805 602 862 666 per
877 581 1062 647 deditionem
1073 586 1227 668 Uimina,
1243 586 1334 669 dgria
1352 591 1383 650 et
1396 586 1491 669 ldper-

289 693 422 773 jessiuo,
447 690 621 774 hybernalia
637 693 744 755 statiua
765 712 819 755 sua
841 712 857 753 a
875 692 1024 776 Sutruplro
1041 714 1097 778 per
1113 693 1309 767 Patalriuurn,
1326 693 1489 759 Tokainum

295 800 507 864 Debretainum
523 818 620 883 usque
631 799 802 864 extenderit
813 800 1056 885 Commendaque
1072 802 1232 866 Generalis
1247 802 1397 866 Armadae
1413 802 1489 865 Cae-

294 929 402 973 sareae
421 908 527 972 Comiti
549 908 659 971 loanni
681 907 784 971 Palffiu
809 908 982 972 concredita
1005 916 1069 983 est,
1100 912 1150 995 qui
1171 911 1402 994 particularibus
1429 910 1490 975 suis

292 1019 414 1101 scriptis
430 1016 587 1079 Dominum
603 1017 784 1081 Generalem
801 1018 911 1100 Karoly
927 1022 1045 1082 tentare
1062 1020 1173 1103 eoepit,
1189 1026 1248 1084 tam
1264 1020 1389 1104 priuatis
1405 1038 1489 1103 quiam

291 1127 420 1214 puhlicis
435 1126 645 1190 lactationibus
656 1128 801 1211 Populum
816 1146 936 1211 quoque
952 1127 1138 1211 persuadere
1154 1130 1233 1192 omui
1250 1128 1348 1193 studio
1364 1135 1489 1193 conatus

291 1242 350 1301 est.
387 1234 427 1299 ut
453 1234 587 1319 masuris
613 1236 728 1299 artibus
748 1235 811 1299 suis
833 1254 937 1319 parum
966 1236 1145 1320 proliceret,
1174 1237 1377 1321 Cassoriaque
1405 1237 1488 1321 quasi

291 1347 491 1409 circumsessa
513 1345 665 1409 constanti
686 1344 784 1407 auimo
806 1364 840 1407 se
859 1343 970 1407 fortem
993 1344 1166 1418 exhiberet,
1191 1345 1293 1409 militia
1316 1366 1439 1430 quoqne
1460 1351 1489 1411 et

291 1452 506 1517 confoederata
520 1451 667 1515 Nobilitas
682 1472 785 1535 parem
809 1451 1006 1517 constantiam
1029 1458 1191 1517 testaretur
1207 1454 1489 1519 serenissimus

292 1563 483 1645 Princeps
505 1559 602 1624 loeue
621 1580 760 1625 memor
782 1580 909 1625 eorum
932 1582 1027 1645 quae
1049 1562 1259 1625 maritimae
1280 1562 1489 1627 Potentiae

291 1670 512 1736 occasione
531 1670 721 1753 postremi
742 1670 891 1735 reditus
917 1672 1196 1766 Domiuationis
1218 1674 1375 1735 vestrae
1390 1671 1488 1734 Suae

290 1777 511 1844 Serenitati
528 1780 751 1842 suasissent
765 1779 803 1843 ad
819 1779 951 1843 ultimum
967 1778 1038 1843 illud
1054 1770 1173 1862 optatae
1189 1779 1443 1843 reconciliationis
1458 1784 1489 1843 et

290 1889 378 1953 Pacis
389 1889 576 1952 reductivum
586 1886 716 1950 medimn
728 1908 763 1951 se
777 1887 914 1959 resolvit,
924 1907 961 1952 ae
974 1907 1034 1951 nou
1046 1888 1139 1951 solum
1156 1888 1256 1951 Suae
1269 1888 1489 1951 Caesareae

289 1997 494 2079 llajestati
515 1994 725 2059 submissas
748 1996 850 2059 satis
874 1994 1117 2079 perscripsit
1140 1996 1278 2059 literas
1299 1994 1354 2059 sed
1371 1999 1405 2058 et
1420 2014 1485 2061 cum

287 2103 424 2191 praelato
440 2104 557 2169 Comite
572 2104 657 2169 Palffi
677 2104 715 2167 ad
737 2104 922 2169 Particulare
945 2104 1125 2187 colloquium
1146 2105 1178 2167 in
1199 2106 1265 2168 locu
1288 2104 1324 2167 ab
1346 2103 1487 2187 utrinque

287 2220 437 2280 convento
459 2214 604 2285 accessit,
628 2212 810 2277 declarando
826 2234 863 2277 ea
881 2234 958 2297 quae
973 2214 1096 2297 scripsit
1111 2218 1143 2277 et
1158 2215 1309 2297 praelatas
1334 2212 1372 2277 ad
1395 2212 1486 2277 sm

287 2322 478 2406 llajestatem
499 2322 628 2405 scriptas
643 2322 761 2385 literas
783 2322 918 2386 exhibuit
938 2328 971 2386 et
992 2342 1048 2405 per
1073 2321 1208 2385 Eundem
1224 2321 1385 2385 transmitti
1401 2321 1485 2393 lecit,

286 2452 324 2496 ac
339 2432 496 2496 Dominum
517 2449 639 2514 quoque
658 2429 839 2493 Generalem
860 2431 971 2514 Karoly
991 2430 1135 2495 Viennam
1160 2430 1373 2494 ennitteadum
1390 2428 1485 2492 desti·

284 2541 377 2612 navit,
393 2544 425 2603 et
438 2536 599 2603 Generalis
614 2538 814 2602 Donteeuculi
829 2538 867 2601 ad
884 2538 1013 2602 reditum
1029 2539 1147 2602 Domini
1163 2539 1274 2622 Karolp
1290 2536 1351 2622 (uti
1362 2536 1484 2601 Palffiua

284 2646 482 2732 promiserat)
500 2648 530 2708 iu
546 2646 671 2708 sormam
687 2646 840 2710 Cautiuuis
863 2646 900 2709 ad
922 2666 1005 2709 suam
1022 2647 1223 2710 Serenitatem
1239 2646 1348 2709 missus
1365 2646 1484 2718 fuisset,

284 2758 483 2841 suspensione
498 2756 654 2818 amonim
677 2755 715 2817 ad
730 2756 859 2819 reditum
877 2755 995 2819 Domini
1010 2756 1121 2838 Karoly
1141 2756 1178 2820 ab
1201 2755 1341 2837 utrinque
1361 2774 1483 2838 perma-

285 2870 394 2937 uente;
406 2864 463 2928 sed
476 2862 837 2947 qniaPrineipislegeaij
850 2869 967 2927 eertum
976 2863 1015 2926 ad
1027 2863 1160 2927 Palffium
1179 2862 1332 2927 decretum
1344 2863 1480 2946 rescrip-

283 2979 345 3037 tum
361 2993 418 3057 per
433 2991 608 3055 cupressum
619 2976 863 3046 remonstrasset,
880 2990 963 3035 suam
977 2972 1153 3034 Caesaream
1167 2971 1354 3053 llajestatem
1372 2968 1480 3033 nullam

282 3082 416 3164 speciem
432 3080 563 3142 formalis
579 3078 738 3143 Tractatus
753 3078 784 3140 iu
800 3076 956 3141 Communi
973 3078 1130 3142 admittere
1147 3078 1240 3148 velle,
1263 3076 1318 3140 sed
1333 3078 1365 3140 in
1380 3076 1480 3141 Parti·

281 3188 375 3253 culari
389 3186 592 3251 Serenissimo
607 3187 737 3271 Principi
753 3187 964 3268 Amnistyalem
981 3186 1114 3251 Gratiam
1130 3206 1197 3249 curu
1214 3186 1364 3249 Bonorum
1386 3185 1479 3249 resti-

280 3298 416 3370 tutione,
438 3295 679 3379 seditionisque
702 3316 807 3360 eorum
829 3294 987 3370 facultate,
1005 3316 1063 3358 nun
1080 3293 1268 3366 difficultati.
1292 3294 1476 3377 aliorumque

281 3406 473 3469 Dominarum
500 3408 532 3465 et
554 3403 704 3468 Nobilium
731 3404 761 3467 iu
785 3404 961 3469 Particulari
989 3404 1024 3467 ad
1049 3402 1181 3466 Gratiam
1204 3403 1284 3465 Suae
1311 3400 1479 3482 ldajestatis

280 3512 469 3575 redeuntium
499 3513 648 3596 instantiis
676 3532 777 3576 aurem
807 3512 928 3596 quidem
955 3510 1120 3595 praebendi
1148 3512 1241 3582 mam.
1272 3509 1326 3573 sed
1357 3509 1478 3573 nomine

278 3621 437 3691 communi,
453 3620 643 3685 multominus
660 3620 941 3685 Consuaderationis
959 3618 1029 3682 nihil
1047 3618 1151 3682 audire
1168 3618 1245 3683 velle
1261 3618 1352 3681 Suam
1364 3616 1478 3683 Caesa·

278 3747 361 3792 ream
372 3728 576 3809 lllajestatem3
589 3729 660 3792 luiuc
672 3730 770 3793 oblata
782 3748 838 3811 per
850 3726 983 3791 Palffium
994 3728 1150 3791 Generalis
1162 3725 1364 3790 ldonteeuculi
1374 3729 1477 3789 trans·

278 3836 380 3900 missio
404 3836 554 3900 retardata
576 3842 608 3901 et
629 3842 852 3920 cousequenter
872 3837 990 3900 Domini
1013 3836 1122 3918 llarolp
1144 3834 1295 3919 expedtio
1323 3832 1476 3917 impedita.

275 3944 497 4029 suspensioque
513 3946 667 4009 Armorum
692 3946 811 4009 nonnisi
834 3944 872 4009 ad
895 3964 1072 4029 responsum
1098 3942 1178 4007 Suae
1194 3942 1364 4007 Caesareae
1378 3942 1476 4026 ldaje·

275 4051 361 4115 statis
376 4051 415 4115 ad
430 4050 549 4116 Literas
565 4051 758 4115 Sereuissirui
767 4051 917 4134 Principis
930 4050 1020 4137 (quas
1033 4050 1151 4115 Palffius
1168 4048 1336 4136 expedivit)
1349 4054 1476 4113 extensa

275 4158 339 4223 luit
363 4160 481 4224 luterca
493 4158 725 4243 proclauuatade
736 4159 867 4224 adveatu
879 4159 936 4223 huc
949 4160 981 4223 iu
992 4159 1144 4225 Polouiam
1153 4158 1239 4223 Crari
1251 4158 1340 4229 tama,
1352 4157 1477 4221 divertit

274 4269 333 4333 huc
349 4268 566 4333 Serenissimus
582 4267 727 4349 Princeps
747 4272 781 4330 et
802 4287 871 4331 cum
893 4266 975 4331 Suae
991 4267 1124 4331 Caesena
1138 4266 1304 4349 Maiestatis
1328 4264 1474 4331 adventas

273 4378 469 4460 prolongatus
489 4376 612 4446 fuisset,
637 4394 705 4441 cum
729 4373 870 4457 Principe
892 4374 1075 4439 Dollaorulrie
1099 4372 1368 4457 Pleuipotentiario
1392 4374 1475 4439 Suae

273 4485 407 4551 Cuareae
413 4485 578 4568 Maiestatis
588 4484 741 4555 conuenit.
749 4499 786 4547 ac
798 4503 836 4547 ue
848 4504 865 4546 a
878 4482 1059 4549 Mediatioue
1071 4482 1154 4549 Suae
1167 4481 1474 4563 Crareaellajestatis
