3117 5084
285 371 336 441 94

285 565 361 608 cum
386 547 481 608 omni
506 547 752 610 extremitate
769 547 1155 628 amplectendnmnos
1177 548 1381 630 compellit
1405 549 1489 631 ipsa

285 655 523 735 postpositio
544 655 727 737 justitiae
752 673 890 717 causae
915 661 1072 718 nostrae
1094 655 1488 739 quaeal'rincipibns

285 761 519 826 christianis
543 785 609 846 per
632 769 747 828 totam
771 763 1488 848 Europametquidemautlroritatemedia·
1550 762 1551 829 i

285 869 401 932 tionis
434 891 513 953 pro
540 871 644 951 justa
676 873 807 953 agnita
839 872 988 941 fuerat,
1025 873 1088 954 jam
1118 871 1300 934 arridentem
1333 874 1489 935 fortunam

285 977 675 1043 [lomuslustriaeae
699 981 812 1044 lavor
834 980 1015 1063 sequitur
1035 978 1252 1063 Principum
1277 984 1317 1041 et
1340 988 1488 1063 poten-

284 1085 424 1149 tiarum
455 1092 667 1151 exterarum
697 1087 801 1171 quasi
831 1087 1078 1169 approbaturi
1109 1107 1202 1172 quae
1231 1107 1420 1150 armorum
1449 1091 1487 1150 ri

284 1195 318 1255 in
342 1191 449 1258 nobis
473 1196 663 1259 tirannica
687 1201 911 1277 agerentur,
935 1195 1162 1277 Prixilegiorum
1185 1197 1247 1277 jam
1271 1197 1302 1258 in
1325 1197 1487 1279 occupatis

284 1301 534 1367 Comitatibus
556 1304 866 1386 extirpationem,
888 1303 1146 1366 ministrorum
1161 1303 1487 1386 Evangelicornm

284 1411 609 1484 exturbationem,
634 1414 723 1497 quin
747 1418 785 1477 ot
807 1412 1080 1476 inhumatorum
1103 1413 1139 1475 in
1163 1413 1317 1495 templis
1345 1433 1487 1494 eorpo-

283 1539 358 1582 rum
382 1522 615 1604 ejectionem
640 1523 776 1604 passim
801 1528 1089 1586 exercerentur.
1129 1523 1203 1585 Cum
1224 1543 1331 1604 magna
1352 1521 1488 1605 proinde

283 1629 464 1710 impatientia
487 1635 677 1712 expectamus
705 1630 869 1694 iaDnaone
891 1631 951 1694 Vra
977 1630 1214 1693 informationem
1242 1635 1365 1694 utrum
1390 1631 1488 1692 llaec

283 1738 433 1801 omnino
458 1757 559 1800 mens
583 1743 621 1802 et
643 1738 832 1801 resolutio
850 1737 1310 1803 dominorumalliatornm
1327 1739 1489 1802 etorrli·

283 1867 361 1909 num
389 1847 684 1930 Praepotenlum
714 1867 780 1929 pro
812 1848 920 1911 firma
950 1853 988 1912 et
1016 1849 1145 1910 ultima
1173 1845 1305 1910 haberi
1341 1845 1489 1908 debeat

283 1973 385 2038 quam
416 1955 517 2019 Dnus
545 1956 711 2018 Brnninx
741 1956 920 2038 exprimit
949 1956 1013 2020 Sic
1044 1957 1140 2018 enim
1168 1955 1213 2018 de
1244 1956 1488 2018 universalis

282 2063 387 2145 pacis
411 2067 579 2128 tractatu
604 2083 750 2148 quoque
775 2064 1273 2147 aliternobiscogitandum
1290 2065 1382 2136 erit,
1399 2065 1485 2128 dnm

282 2172 470 2234 exclusam
494 2172 554 2235 hic
578 2193 679 2255 spem
704 2193 791 2236 csse
815 2174 985 2256 experiri
1010 2171 1240 2258 cogemur¹).

372 2278 473 2344 llidiin
490 2301 564 2344 ezen
581 2281 723 2346 irlsomat
739 2281 945 2365 expedialmlm
962 2281 1177 2363 megherlxezet
1192 2301 1226 2343 aa
1243 2279 1348 2345 uoluat
1360 2281 1485 2363 conrja

281 2405 347 2448 cum
370 2387 468 2451 Aureo
500 2391 612 2452 vellere
642 2389 805 2453 Vetesinelr
826 2390 979 2462 Parisbul,
1008 2391 1046 2454 de
1067 2387 1159 2472 megla
1179 2409 1247 2451 nem
1279 2389 1484 2453 decillraltat-

280 2495 391 2560 hattam
409 2496 511 2568 iraistt,
529 2499 616 2560 latom
635 2498 821 2562 mindazlltal
838 2519 872 2561 aa
893 2498 1070 2582 Belesseglr
1092 2497 1287 2580 negotiatioja
1310 2499 1433 2561 mostis
1449 2499 1484 2562 in

280 2623 372 2685 opere
391 2625 444 2666 van
461 2611 544 2670 azert
565 2606 591 2668 is
613 2605 671 2670 lxell
695 2605 839 2688 liglmnelx
861 2608 995 2690 annyival
1019 2605 1188 2670 erisebben
1210 2606 1346 2687 folytatni
1368 2607 1482 2689 dolga-

280 2709 373 2774 inlxol.
405 2713 486 2776 Ezen
513 2733 636 2798 magyar
657 2716 765 2779 irasom
787 2715 933 2798 magalon
961 2717 986 2779 is
1008 2716 1104 2780 Clario
1126 2736 1199 2779 acon
1221 2717 1370 2796 orszagon
1392 2722 1483 2779 arert

279 2819 353 2881 irom
371 2840 404 2882 es
422 2822 562 2886 maradolx

833 2913 921 2998 Kgyk
1027 2986 1186 3067 loalxaroja
1201 2987 1342 3071 Barattya

280 3071 412 3136 Prentat.
433 3070 568 3156 lellay
589 3075 682 3138 1710.
987 3096 1024 3158 G,
1056 3096 1089 3156 Β,
1122 3093 1258 3156 Millos
1289 3115 1326 3156 m.
1353 3116 1383 3178 p.

318 3201 353 3242 ex
371 3181 523 3246 llollamlia
541 3182 653 3248 reduci.
967 3222 1140 3304 prucsay
1165 3220 1289 3284 lstvan
1312 3241 1351 3284 m,
1370 3243 1399 3306 p.

326 3307 506 3372 Clemeut.

316 3428 476 3502 (origum.)

301 3555 616 3570 ¹¹——·-——-——

328 3627 336 3660 ¹
376 3631 544 3686 Uaberset
576 3652 613 3686 un
657 3635 771 3686 olesun
824 3635 1278 3688 isrlnenSclrlussabaatzes:

339 3629 354 3700 l
403 3721 473 3773 liban
487 3723 525 3774 als
540 3654 581 3776 iezh
596 3652 651 3776 olis
666 3723 731 3774 iricio
744 3652 889 3775 Selilaiben
901 3723 1047 3792 expedirte,
1061 3725 1119 3776 lain
1130 3725 1173 3777 lhr
1186 3724 1355 3777 cnlsendeter
1364 3719 1481 3776 Courier

364 3829 410 3864 aus
424 3809 497 3863 Paris
511 3813 557 3864 mit
567 3811 678 3865 Veteai's
692 3813 831 3882 gololenem
841 3811 942 3865 Vliesse
954 3831 995 3873 an,
1008 3814 1072 3865 aber
1086 3813 1128 3866 ioh
1142 3815 1209 3866 habe
1223 3813 1282 3866 ihre
1290 3812 1394 3866 Scurio
1406 3817 1479 3869 noch

363 3902 436 3954 nieht
454 3900 637 3955 deachitl'riron
651 3903 737 3954 lasscn
756 3904 872 3964 konnen,
892 3904 934 3957 iola
948 3904 1012 3957 seha
1027 3905 1256 3973 olemungoachtet,
1268 3901 1329 3956 (lass
1343 3902 1387 3956 alie
1399 3905 1421 3957 F
1423 3905 1478 3958 rie-

363 3991 598 4062 olensvermittlnng
615 3995 681 4046 auelr
702 3995 884 4064 grpenwartig
903 3997 970 4050 noclr
991 3995 1025 4048 im
1039 3995 1137 4048 Werlxe
1150 3994 1197 4056 ist,
1217 3993 1299 4050 dalet
1313 3998 1420 4048 missen
1432 3995 1477 4048 Sie

360 4097 401 4134 um
415 4097 445 4132 so
459 4082 695 4136 naelrdriiclrlicher
708 4102 803 4137 unscre
817 4084 1060 4154 Angclepenlrcitcn
1079 4086 1222 4139 betrciben.
1248 4085 1287 4138 lla
1304 4084 1379 4138 ‹liese
1391 4086 1477 4138 meina

364 4171 505 4241 ungrisclre
519 4173 622 4226 Sclrrilt
635 4174 702 4227 auclr
715 4191 746 4227 an
760 4176 813 4228 nod
827 4175 871 4227 lim·
883 4174 940 4227 sicli
960 4176 1000 4228 ein
1015 4175 1263 4230 Chillernsclnlrissel
1282 4174 1329 4237 ist,
1352 4174 1477 4229 schreibe

364 4259 405 4314 ioh
420 4260 476 4314 dies
491 4261 542 4313 rrnrl
553 4261 637 4314 bleihe

856 4336 899 4388 'hl
1032 4391 1247 4444 wohlwollonder
1262 4391 1365 4444 Frauntl

1029 4481 1320 4534 erithraeam.
1343 4499 1370 4551 p.

1000 4571 1115 4624 Stefau
1135 4571 1290 4641 lirnesay
1310 4589 1343 4623 m.
1362 4590 1389 4642 p.
