3117 5084
1168 364 1246 435 209

58 537 237 619 exposuisse;
268 536 307 601 ob
334 557 408 601 suae
433 538 599 620 blaJestatis
627 536 795 600 absentiam
827 540 858 600 et
885 536 1074 603 consiliarios
1101 536 1245 601 hincinde

58 643 200 728 dispersos
212 646 323 709 nullom
336 645 432 710 adbuc
446 647 603 711 consilium
615 644 653 709 de
666 644 789 709 cabinet
802 646 843 709 uti
856 650 965 709 vocant
977 652 1102 710 eatenus
1115 646 1247 718 institui;

57 771 108 835 per
126 773 312 839 consequens
335 753 541 838 supradictum
563 754 738 817 memoriale
760 754 842 817 nulla
864 755 1009 818 resolutio
1032 756 1118 838 seqvi
1134 754 1246 837 potuit;

55 860 105 923 sed
125 868 263 945 quantum
285 881 322 925 ex
344 863 531 928 discursibus
554 884 622 927 cum
637 862 745 926 blilord
761 861 852 935 llabi,
876 881 943 927 curn
963 862 1072 926 llilord
1093 861 1247 927 Robinson

56 969 191 1053 episcopo
204 970 392 1035 Bristoliensi
404 977 436 1035 et
451 972 555 1056 regiae
572 974 747 1053 signatores
763 972 939 1035 secretioris
955 971 1111 1055 praefecto
1129 990 1164 1033 ac
1180 988 1248 1035 cum

55 1076 179 1161 primarii
202 1083 296 1144 status
318 1082 475 1144 secretarii
500 1082 667 1146 secretario
690 1100 726 1144 ac
750 1078 816 1143 aliis
832 1079 942 1145 habitis
959 1080 1112 1161 conjicere
1128 1080 1203 1143 licet
1216 1080 1248 1143 in

53 1186 94 1249 rei
108 1188 248 1251 veritate:
273 1208 333 1251 non
349 1187 438 1253 deest
454 1189 580 1261 animus,
596 1209 652 1275 pro
670 1188 703 1253 S.
721 1188 756 1252 V.
774 1189 873 1252 omnia
897 1209 990 1271 agere
1013 1208 1088 1273 qvae
1111 1187 1148 1253 ab
1171 1188 1246 1271 ipsis

54 1300 237 1377 expetantur,
261 1297 316 1361 sed
336 1296 436 1360 media
457 1296 603 1362 deficiunt
629 1295 667 1361 ob
690 1316 790 1360 rerum
814 1298 1028 1379 conjuncturas
1051 1317 1127 1381 qvae
1152 1297 1248 1361 aulam

54 1404 225 1467 austriacam
242 1406 272 1468 in
284 1422 404 1469 causam
417 1425 603 1470 communem
615 1406 780 1469 alliatorum
791 1404 1044 1470 concernentibus
1055 1404 1248 1469 inflexibilem

53 1516 81 1574 et
99 1511 319 1577 intolerabilem
340 1512 479 1578 reddunt.
518 1514 694 1597 Agnoscunt
713 1532 820 1577 omnes
838 1512 986 1595 justitiam
1009 1533 1135 1586 causae,
1158 1514 1248 1577 nulli-

51 1622 136 1681 tatem
157 1625 305 1685 mactatus
326 1626 377 1685 aut
399 1622 498 1707 potius
519 1622 655 1687 fraudem
672 1624 738 1705 ejus
756 1626 788 1686 et
802 1620 984 1687 validitatem
1002 1628 1248 1706 argumentorum

53 1725 258 1803 adductorum
280 1729 336 1793 sed
357 1734 390 1794 et
410 1735 551 1796 asserunt
570 1735 731 1795 tractatum
748 1729 1005 1793 Satbmaricnsem
1020 1731 1248 1814 permaximam

52 1840 97 1898 ant
123 1837 191 1901 fere
218 1843 312 1902 totam
338 1840 429 1923 regni
452 1840 515 1922 iam
542 1839 678 1903 totaliter
703 1858 761 1924 per
788 1839 953 1902 austriacas
976 1838 1110 1923 possessi
1132 1842 1247 1921 partem

52 1950 232 2029 acceptatam
252 1947 401 2019 existere,
424 1946 553 2012 eundem
569 1946 764 2030 allegaturam
787 1945 905 2010 domurn
929 1948 1105 2011 austriacam
1129 1945 1165 2009 ad
1182 1947 1248 2009 elu-

50 2050 142 2117 denda
158 2053 259 2119 officia
274 2054 454 2127 alliatorum,
471 2075 578 2139 regern
590 2056 732 2119 Karalum
747 2055 846 2118 multis
863 2076 936 2119 sane
952 2054 1120 2119 nominibus
1138 2053 1247 2119 alliatis

50 2159 211 2245 obligatum
227 2182 308 2234 esse,
325 2162 398 2226 nibil
414 2168 515 2227 tamen
531 2184 568 2227 ex
582 2164 641 2227 boc
658 2169 833 2245 argumento
851 2163 890 2227 ob
912 2162 979 2245 ejus
1003 2161 1249 2246 ingratitudinem

48 2270 162 2351 sperari
179 2290 286 2354 posse,
310 2272 444 2335 rationes
461 2277 615 2336 caeterum
631 2271 669 2335 de
685 2269 763 2334 datis
780 2276 922 2356 exparte
939 2269 1107 2335 alliatorum
1122 2290 1247 2336 assecu-

47 2379 211 2443 rationibus
227 2379 266 2442 de
281 2380 397 2443 bonore
409 2386 442 2444 et
454 2381 684 2445 conservatione
696 2380 877 2463 religionum
890 2379 1008 2444 omniuo
1021 2379 1128 2453 fortes,
1141 2400 1248 2444 verum

48 2505 104 2549 non
125 2489 168 2553 ita
195 2488 383 2572 ponderosas
407 2509 493 2559 esse,
519 2495 552 2553 ut
573 2490 680 2570 regina
701 2489 761 2551 illis
784 2494 996 2572 permoveatur
1018 2489 1055 2552 ad
1077 2488 1248 2572 urgendum

48 2595 185 2662 Carolnm
207 2618 262 2681 pro
284 2596 382 2662 danda
403 2598 623 2661 satisfactione.
661 2597 880 2682 llucusqve'S.
897 2597 937 2660 ll.
962 2598 1051 2661 toties
1075 2598 1173 2662 officia
1195 2618 1248 2662 sua

46 2702 230 2770 infructuose
242 2706 416 2778 reiterasse,
430 2711 463 2770 et
475 2714 580 2770 contra
598 2705 741 2771 decorum
757 2707 823 2769 fore
840 2707 948 2769 iterato
966 2712 1074 2770 conatu
1090 2706 1248 2769 instantias

47 2813 120 2896 apud
145 2814 243 2877 aulam
259 2813 477 2877 Wiennensem
494 2815 614 2885 facere,
638 2834 695 2878 uec
716 2834 809 2897 posse
825 2813 941 2878 alliatos
957 2813 1045 2877 minis
1062 2820 1112 2877 aut
1127 2832 1249 2877 remon-

46 2922 241 2986 strationibus
267 2922 395 2985 fortibus
416 2920 496 3006 apud
519 2921 657 2985 carolum
680 2922 740 2993 uti,
771 2920 849 3005 qvod
878 2922 906 2985 ei
930 2942 982 2985 reu
1007 2922 1167 2985 Galliarum
1189 2928 1249 2985 tam

45 3029 228 3095 favorabiles
242 3035 391 3115 proponat
402 3032 487 3115 pacis
504 3031 693 3095 conditiones
710 3050 786 3114 qvae
808 3050 875 3095 eum
893 3032 982 3095 facile
1004 3032 1041 3094 ad
1064 3030 1248 3095 concluden-

45 3137 111 3202 dam
133 3158 242 3224 pacem
263 3140 474 3223 particularem
495 3140 640 3203 iuducere
661 3143 802 3223 possent,
831 3138 889 3203 nisi
912 3160 949 3203 ex
972 3143 1057 3223 parte
1082 3161 1136 3203 sua
1160 3140 1248 3203 alliati

47 3250 130 3331 plura
148 3248 249 3312 eidem
263 3250 476 3333 promitterent
492 3270 527 3312 ac
543 3249 622 3312 omni
635 3249 906 3332 circumspectione
921 3268 988 3311 cum
999 3250 1066 3332 ipso
1081 3253 1248 3312 uterentur.

47 3356 240 3421 Conveniunt
259 3358 451 3420 nibilominus
473 3357 603 3420 ministri
626 3358 744 3440 bujates
766 3378 826 3421 non
843 3356 1031 3421 obstantibus
1048 3357 1184 3421 omuibus
1201 3358 1249 3420 bis

46 3466 215 3530 rationibus
241 3466 408 3531 alliatorum
433 3466 587 3529 interesse
614 3464 750 3530 absolute
773 3466 987 3549 requirerent
1010 3465 1078 3529 data
1102 3466 1134 3529 S.
1157 3466 1191 3530 V.
1219 3469 1250 3529 et

45 3593 142 3657 regno
159 3573 367 3639 satisfactione
382 3593 480 3655 regno
493 3574 664 3657 llungariae
676 3574 876 3658 tranquillitas
889 3574 931 3638 ita
942 3572 1096 3644 reddatur,
1109 3579 1142 3637 ut
1153 3574 1250 3637 omnis

46 3684 167 3746 occasio
188 3680 261 3745 belli
284 3686 315 3745 et
330 3680 515 3745 diffidentiae
530 3682 562 3745 in
576 3686 757 3766 perpetuum
771 3682 906 3753 tollatur,
923 3702 980 3745 nec
998 3700 1124 3764 unquam
1141 3700 1250 3744 causae

46 3790 197 3854 communi
212 3789 422 3873 praejudicare
437 3791 543 3873 possit.
569 3792 747 3855 Persrasum
762 3789 821 3853 sibi
836 3788 949 3854 babent
961 3788 1033 3852 nibil
1046 3790 1179 3853 utilitatis
1192 3788 1250 3852 sibi

45 3919 80 3963 cx
96 3902 213 3964 larvata
229 3898 279 3961 illa
294 3898 465 3963 redundare
482 3898 562 3983 qvod
578 3899 626 3962 vix
639 3898 677 3963 ob
690 3900 804 3983 aliquot
821 3899 944 3962 millium
960 3918 997 3962 ex
1008 3899 1161 3981 Hungaria
1175 3897 1250 3961 edu-

46 4008 179 4072 ctionem
192 4007 466 4074 aulaWienoensis
478 4027 548 4071 sese
561 4007 718 4073 resolvere
734 4008 868 4091 potuerit
884 4008 1019 4091 allegans
1032 4028 1066 4071 se
1079 4007 1164 4070 initio
1176 4006 1250 4070 belli

43 4115 131 4201 bajus
156 4120 265 4180 contm
289 4116 410 4198 regulas
434 4117 572 4200 politicas
587 4137 735 4200 peccasse
751 4115 909 4180 educendo
926 4116 996 4180 inde
1017 4116 1141 4179 militem
1165 4136 1249 4179 suum

44 4230 74 4288 et
94 4226 293 4308 imposterum
313 4226 420 4289 melius
441 4224 501 4290 sibi
522 4226 722 4310 provisurum.
767 4226 828 4289 Pax
851 4244 919 4288 cum
940 4225 1049 4289 Turcis
1070 4243 1250 4309 quocunque

44 4334 167 4399 taudem
187 4333 276 4396 modo
293 4353 349 4416 per
364 4332 490 4397 Gnarum
507 4335 649 4397 conclusa
666 4334 704 4397 ob
727 4334 834 4399 foedus
854 4334 886 4398 S.
904 4333 939 4398 V.
958 4352 1025 4395 cum
1051 4353 1103 4405 eo,
1130 4352 1249 4395 necnon

46 4462 99 4505 rex
120 4442 267 4505 Poloniae
295 4440 335 4504 ob
363 4444 515 4524 cognitum
542 4442 686 4526 principis
714 4442 803 4523 bajus
832 4441 868 4504 ad
894 4441 1016 4525 macris
1044 4439 1249 4522 aggredienda

43 4550 265 4633 paratissimum
287 4550 417 4612 animum
438 4554 469 4614 et
490 4550 594 4613 obices
620 4570 692 4633 qvas
715 4552 745 4632 iu
768 4550 919 4614 electione
943 4548 1136 4631 imperatoria
1153 4548 1249 4631 ponit,

74 4659 175 4703 vorsu.
189 4658 294 4705 annu.
312 4658 353 4703 aa.
364 4658 432 4702 xvir.
979 4656 1014 4708 μ,
