3117 5084
872 573 925 637 33.

518 698 732 765 Schneiben
755 697 997 786 bercsenyi's
1020 720 1063 763 an
1085 700 1268 764 Klement.

518 846 676 912 Generosa
690 845 847 912 Domine!

387 973 524 1038 Proxime
537 972 722 1038 advenerunt
733 973 949 1037 Dominationis
955 973 1035 1038 Vrae
1046 973 1169 1038 biferae
1185 970 1342 1056 exquibus
1357 991 1405 1045 ea,
1419 993 1498 1059 quac

297 1102 354 1167 per
368 1082 564 1166 Naufragium
580 1083 642 1167 pati
664 1081 768 1147 debuit
785 1082 982 1146 condolenter
1002 1082 1075 1164 legi,
1091 1080 1228 1164 gratulor
1242 1085 1356 1152 tamen,
1373 1082 1499 1145 felicem

298 1192 378 1254 inter
398 1191 537 1254 infelices
561 1211 649 1255 casus
680 1191 866 1264 evasionem,
891 1196 923 1256 et
945 1191 1013 1275 quia
1037 1190 1257 1255 Serenissimus
1278 1190 1432 1273 Princeps
1460 1190 1497 1253 ad

298 1299 519 1383 expeditionem
540 1300 683 1364 Bellicam
704 1301 824 1382 longius
844 1301 1016 1385 profectus,
1042 1299 1276 1382 negotiationum
1298 1319 1404 1362 curam
1426 1300 1499 1362 mibi

301 1407 488 1472 committere
502 1407 640 1491 dignatus
657 1409 707 1479 sit,
720 1405 805 1472 hisce
817 1410 1017 1473 Dominationi
1032 1409 1161 1474 Vestrae
1177 1408 1316 1490 responsi
1330 1406 1400 1470 loco
1417 1408 1499 1470 noti-

298 1514 390 1580 ficare
407 1517 486 1581 volui
499 1517 589 1581 Suam
602 1518 806 1582 Serenitatcm
822 1516 870 1580 die
883 1518 937 1583 22.
950 1519 1119 1601 praesentis
1135 1537 1195 1580 non
1210 1516 1316 1600 procul
1328 1536 1345 1578 a
1357 1514 1499 1580 Danubio

300 1625 337 1688 ad
349 1624 483 1690 Vadlrert
494 1647 503 1700 ;
516 1625 568 1690 ubi
584 1626 776 1690 excubiarum
792 1627 891 1692 locum
907 1627 1037 1691 cinctum
1051 1626 1110 1690 sibi
1123 1626 1239 1710 pararit
1253 1625 1361 1696 hostis,
1374 1624 1499 1707 experi-

297 1740 430 1799 mentum
442 1734 555 1819 aliquid
570 1733 713 1798 habuisse
729 1735 850 1799 favente
862 1735 919 1798 Dei
931 1735 1037 1799 auxilio
1050 1735 1122 1799 satis
1135 1733 1275 1805 feliciter,
1287 1753 1326 1796 ex
1336 1734 1496 1816 insperato

297 1843 377 1906 enim
393 1843 479 1926 quasi
494 1827 676 1908 contrahens
693 1863 727 1906 se
748 1844 885 1908 inimicus
907 1842 1020 1925 objecit
1035 1864 1070 1907 se
1086 1861 1280 1912 numerosus,
1303 1861 1394 1924 quem
1415 1841 1497 1904 omni

299 1951 455 2016 celeritate
479 1950 703 2035 aggrediendo,
727 1956 850 2035 praeter
865 1951 1111 2023 Labanczonnm,
1135 1955 1166 2014 et
1181 1950 1395 2015 llaseianorum
1418 1949 1494 2013 duo:

300 2057 518 2123 Germanorum
533 2060 590 2124 tria
602 2061 758 2143 Regimina
767 2060 897 2142 Eugenii
907 2079 1026 2143 nempe,
1040 2060 1148 2124 Altban
1163 2058 1296 2123 etbatur
1310 2059 1379 2121 fere
1394 2058 1497 2121 deleta

297 2171 382 2240 sunt,
400 2167 557 2231 Generalis
578 2187 682 2232 eorum
699 2167 910 2232 commendans
933 2167 1040 2232 Comes
1058 2165 1226 2250 Zilrlringen
1247 2167 1405 2240 occubuit,
1428 2187 1495 2230 cum

296 2277 398 2339 multis
420 2277 486 2339 aliis
508 2275 701 2350 officialibus,
726 2278 851 2361 captivis
873 2281 906 2341 et
926 2276 1021 2359 signis
1042 2276 1221 2341 militaribus
1242 2275 1394 2359 acceptis,
1414 2275 1495 2338 unde

295 2383 404 2466 gloria,
419 2385 561 2469 Lausque
576 2386 660 2457 Deo,
682 2406 738 2470 pro
757 2387 839 2469 justa
861 2405 952 2449 causa
968 2386 1080 2467 agenti.
1112 2385 1282 2448 interfuere
1296 2383 1368 2447 huic
1383 2383 1495 2448 actioni

297 2493 438 2556 cohortes
467 2492 556 2567 illae,
586 2513 658 2578 quaa
683 2513 780 2578 nuper
804 2494 1023 2557 Serenissimus
1047 2492 1193 2576 Princeps
1215 2513 1233 2556 a
1255 2492 1351 2555 latere
1374 2493 1495 2556 Domini

296 2600 422 2664 Palatini
437 2601 633 2686 Kyouiensis,
658 2603 716 2667 sibi
732 2602 932 2686 stipendarias
948 2601 1038 2673 fecit,
1061 2606 1190 2684 actuque
1206 2598 1264 2664 boc
1279 2600 1448 2684 probarunt
1462 2621 1495 2663 se

296 2728 369 2772 vere
385 2709 506 2774 servitia
522 2714 555 2774 et
570 2711 694 2774 realiter
708 2711 890 2794 sumpsisse3
913 2709 1046 2794 mamus
1067 2709 1099 2772 in
1122 2709 1205 2772 exitu
1219 2708 1357 2792 ejusdem
1371 2710 1494 2772 militiae

295 2816 366 2880 talia
381 2837 438 2901 per
452 2819 614 2882 malevolos
631 2824 662 2883 et
679 2818 785 2883 Gentis
802 2825 924 2884 nostrae
940 2819 1077 2883 lnimicos
1090 2818 1193 2901 spargi
1209 2822 1363 2901 ceperant,
1388 2817 1495 2901 quibus

299 2925 457 2990 amicitiam
470 2926 584 2990 Careae
596 2925 695 2991 blattis
711 2927 927 2992 moslroriticae
939 2928 970 2991 in
985 2926 1167 2990 inimicitiam
1183 2931 1304 2990 vertere
1320 2924 1493 3009 sperabant

300 3031 386 3096 Unde
403 3053 564 3099 necessum
580 3054 650 3098 esse
667 3034 736 3099 duxi
751 3036 789 3100 D.
803 3036 876 3101 llam
891 3036 1015 3101 uberius
1030 3036 1089 3099 boc
1105 3034 1143 3098 de
1158 3053 1193 3098 re
1211 3034 1395 3105 certiorare,
1418 3053 1494 3118 quae

299 3141 424 3206 realiter
440 3143 484 3206 sic
501 3142 652 3208 sehabet.

391 3250 589 3336 Posteaquam
604 3253 755 3317 Palatinus
771 3252 952 3337 Kyoriensis
975 3272 1042 3316 cum
1058 3251 1204 3316 remansis
1220 3272 1237 3315 a
1254 3251 1384 3315 Crassav
1399 3251 1494 3334 copiis

298 3358 328 3422 in
340 3357 461 3422 Polonia
473 3363 652 3443 persecutus
665 3361 782 3433 fuisset,
795 3362 899 3425 statuit
910 3381 966 3445 per
978 3360 1105 3425 confinia
1113 3360 1273 3442 Ungariae,
1284 3359 1495 3425 inValaelriam

297 3469 475 3550 penetrare,
501 3486 628 3551 cumque
645 3469 682 3533 ad
698 3468 833 3534 Confinia
847 3469 1089 3533 Munkacniensia
1105 3468 1257 3553 peruenit,
1280 3467 1344 3532 ubi
1367 3468 1494 3532 nullus

299 3573 459 3658 amplius
486 3595 554 3659 per
576 3597 641 3640 nos
663 3578 900 3662 impediendi
922 3581 1131 3661 supererat
1152 3575 1297 3648 modus,
1321 3576 1445 3641 aliunde
1464 3578 1493 3640 in

298 3687 367 3765 apto
384 3683 505 3746 fervore
521 3686 780 3758 turbulentiarum,
793 3686 844 3751 ubi
856 3686 1035 3770 Scepusium
1047 3706 1143 3771 usquc
1154 3689 1335 3769 pervenerat
1346 3686 1493 3759 Haiszter,

298 3789 524 3874 beucsoviaque
557 3800 791 3877 oppugnaretur.
838 3795 968 3861 Proinde
997 3796 1057 3860 Sua
1088 3795 1245 3859 Serenitas
1277 3795 1490 3878 placidioribus

299 3897 405 3961 mediis
436 3919 501 3962 rem
532 3900 653 3967 adortus
684 3904 887 3988 repositisque
910 3901 1222 3969 difficultatibus
1252 3921 1346 3986 quae
1375 3903 1493 3967 adhuc

300 4005 335 4069 ci
357 4025 498 4070 venere
520 4008 605 4093 ipse
629 4012 728 4077 ultro
749 4012 1002 4077 tendentibus
1024 4016 1157 4095 posset
1179 4011 1336 4074 evenire
1361 4013 1493 4077 militiam

299 4113 380 4178 illam
401 4119 494 4180 totam
518 4117 555 4181 ad
575 4119 636 4182 Sua
661 4125 692 4184 et
713 4121 810 4202 Regni
833 4122 930 4185 nostri
951 4121 1095 4192 Servitia,
1121 4119 1246 4183 realiter
1272 4120 1439 4201 persolutis
1465 4126 1495 4184 ct

299 4221 441 4286 levatis
458 4224 673 4307 stipendiis
693 4225 955 4312 dominumque
970 4229 1184 4292 Palatinum
1200 4227 1373 4291 Securitate
1397 4229 1493 4313 asyli

301 4350 367 4394 seu
391 4332 539 4415 refugii
560 4333 605 4397 de
623 4335 713 4416 Jure
735 4335 908 4418 gentium
931 4335 1161 4401 observandi
1179 4336 1402 4400 contentari
1424 4357 1493 4420 per-

299 4439 401 4503 suasit.
435 4439 467 4503 ld
483 4440 579 4524 ipsum
600 4461 637 4504 ex
659 4445 797 4526 tempore
818 4449 879 4508 tam
897 4445 977 4510 Suae
994 4446 1107 4510 Careae
1123 4444 1209 4508 ldatti
1234 4462 1321 4527 quam
1342 4443 1410 4506 Duo
1427 4445 1493 4508 Sri-

301 4547 474 4631 nyartzbio,
497 4569 606 4632 magno
623 4549 700 4614 Duci
715 4550 910 4636 Reipublicae
931 4553 1061 4618 Polonae
1081 4551 1279 4623 notificando,
1301 4551 1438 4636 nihilque
1457 4551 1492 4617 ab
