3117 5084
283 320 361 393 358

280 496 512 562 blunlatsiensis
538 499 569 559 et
589 493 838 558 llaloricriensis
861 492 946 564 Dux,
974 496 1140 575 perpetuus
1168 491 1276 555 Comes
1304 491 1344 554 de
1368 489 1485 552 Saarna

283 605 418 668 dominus
435 601 653 668 haereditarius
669 603 700 664 in
713 601 824 665 Saaros
836 597 938 672 rank,
951 599 1056 671 Tokai,
1070 601 1194 682 llegets,
1207 597 1332 670 lldtsed,
1344 598 1485 679 Somlyo,

281 713 451 784 Lednioze,
476 712 641 782 Saerents,
664 709 751 775 Ouod
775 715 835 772 etc.
882 708 990 772 Notum
1014 712 1215 790 testatumque
1247 707 1375 770 tammus
1403 702 1487 788 quod

281 823 430 906 susceptis
447 822 477 884 in
488 821 640 902 llungaria
657 821 746 883 armis
763 824 797 882 ut
808 819 936 882 Patriam
953 837 968 880 a
986 818 1132 881 servitute
1146 817 1345 880 liberaremus
1360 815 1487 898 Leges-

283 949 342 1015 qne
358 951 393 994 ac
409 931 566 994 libertates
582 929 679 1012 Regni
698 933 803 992 contra
820 946 908 994 omne
928 925 1101 1010 justasque
1123 929 1155 989 et
1173 925 1349 1009 multiplicia
1365 925 1486 1004 Regum

283 1040 442 1124 diplomata
455 1059 491 1103 ac
502 1043 693 1103 sacrosancta
706 1057 809 1102 eorum
818 1037 987 1117 juramenta
1002 1037 1111 1100 violata
1125 1036 1157 1098 in
1172 1036 1324 1118 integrum
1335 1035 1486 1098 restitue-

284 1167 385 1212 remus
398 1147 434 1210 ad
447 1147 553 1210 solium
565 1145 791 1209 Transilraniae
802 1165 859 1228 per
870 1144 995 1208 liberam
1007 1149 1137 1208 statrmm
1153 1151 1184 1208 et
1199 1143 1310 1224 priscis
1326 1161 1485 1227 saepeque

280 1257 388 1340 juratis
401 1255 519 1338 legibus
531 1254 725 1338 adaequatam
739 1255 920 1318 electionem
932 1255 1032 1318 erecti
1043 1254 1189 1334 majorem
1203 1251 1368 1317 Christiani
1384 1250 1486 1314 nond-

285 1366 331 1430 nis
348 1385 435 1448 quam
451 1365 585 1430 utilitatis
601 1369 723 1428 nostrae
739 1363 886 1428 habentes
901 1365 1064 1434 rationem,
1081 1365 1247 1427 Turcarum
1270 1381 1383 1445 opera,
1406 1379 1486 1445 quae

284 1474 370 1538 nobis
397 1474 516 1557 saepius
540 1473 637 1537 oblata
654 1473 709 1537 luit
730 1477 761 1536 et
783 1493 837 1557 per
863 1493 950 1558 quarn
970 1471 1098 1557 patriam
1117 1472 1289 1542 vindicare,
1305 1471 1485 1554 dignitatem

286 1583 383 1652 tueri,
407 1583 543 1665 avitaque
567 1588 625 1647 tam
648 1587 796 1665 paternae
812 1601 898 1665 marn
915 1587 1067 1646 maternae
1084 1580 1189 1644 domus
1204 1580 1283 1645 bona
1299 1599 1486 1664 recuperare

289 1691 498 1774 potuissemus,
522 1694 696 1755 constanter
712 1690 918 1754 recusauimus
935 1689 1038 1753 conlisi
1055 1709 1165 1773 nempe
1181 1689 1354 1753 christianis
1369 1687 1484 1772 prinei·

287 1799 385 1884 pibus,
398 1819 523 1885 quorum
537 1819 698 1883 oppressos
711 1799 822 1869 levare,
832 1799 901 1880 jura
914 1798 1101 1870 deffendere,
1114 1798 1326 1882 usurpationes
1339 1795 1485 1860 cohibere

287 1910 433 1981 interest,
450 1928 544 1972 curae
560 1907 642 1978 lore,
664 1911 698 1971 ut
722 1927 799 1991 quae
820 1906 983 1970 infidelium
1006 1906 1120 1970 auxiliis
1135 1906 1261 1988 adipisci
1284 1905 1374 1969 nobis
1397 1904 1486 1968 facile

286 2021 436 2101 potuisset
451 2018 514 2082 suis
530 2017 560 2080 in
577 2018 718 2080 Tractatu
736 2016 819 2098 pacis
835 2016 989 2097 generalis
1004 2015 1157 2098 suffragijs
1174 2021 1206 2078 et
1221 2015 1384 2078 autoritate
1400 2014 1487 2077 nobis

286 2131 496 2211 procurarent,
507 2124 630 2188 Tabulis
644 2124 777 2188 foederis
791 2124 990 2208 Westpbalici
1003 2125 1079 2196 fulti,
1093 2126 1124 2186 in
1136 2123 1244 2208 quibus
1256 2124 1486 2188 Transilraniae

258 2281 259 2284 ,
287 2235 443 2317 Princeps,
463 2235 512 2317 qui
528 2240 588 2297 tum
606 2253 677 2296 arus
693 2239 798 2297 noster
812 2234 880 2305 suit,
896 2233 1146 2318 Principntusque
1162 2234 1309 2296 communi
1326 2233 1488 2317 paciscen-

285 2345 359 2410 tium
375 2362 523 2406 consensu
542 2343 650 2406 inclusi
666 2344 769 2413 luere,
787 2344 979 2426 Quapropter
993 2343 1213 2427 perspicientes
1229 2342 1281 2404 diu
1297 2342 1486 2405 desiderans

288 2454 375 2534 hujus
391 2455 475 2536 pacis
491 2452 642 2534 generalis
655 2453 808 2533 negotium
821 2451 979 2532 Ultrajecti
998 2451 1034 2513 ad
1048 2452 1183 2516 llbenum
1194 2471 1310 2514 summo
1323 2450 1375 2534 agi
1387 2449 1486 2514 studio

291 2582 326 2624 ao
343 2562 409 2643 ejus
425 2559 649 2624 concludendas
666 2558 923 2644 stabiliendaeque
938 2580 1024 2644 spem
1042 2580 1101 2623 uon
1116 2561 1253 2642 exiguam
1265 2560 1331 2622 orbi
1343 2561 1485 2622 universo

291 2671 448 2752 affulgere,
464 2668 568 2732 lideles
593 2674 711 2733 nostros
730 2669 939 2736 deserendum
962 2669 1117 2733 admodum
1142 2670 1344 2753 praepositum
1368 2670 1485 2753 Saepu·

291 2780 423 2844 siensem
435 2778 641 2841 Consiliariurn
657 2799 693 2841 ae
705 2778 741 2842 ad
755 2779 850 2841 aulam
862 2778 1027 2860 blajestatis
1039 2778 1304 2842 christianissimae
1315 2778 1485 2860 ablegatum

292 2893 426 2952 nostrum
438 2888 555 2950 Patrem
572 2887 755 2950 Dominicum
771 2889 909 2950 Breuner
924 2892 955 2950 et
968 2886 1188 2951 Cubicularium
1204 2893 1339 2950 nostrum
1350 2888 1485 2951 ldiebae-

292 2997 352 3059 lem
376 2996 516 3060 Klement
542 2997 578 3060 ad
606 2997 776 3060 Tractatum
805 2997 1032 3077 Ultrajectinum
1059 2992 1340 3080 Plenipotentiarios
1369 3005 1485 3061 nosces

296 3106 449 3170 nominare
466 3110 497 3169 et
510 3105 667 3170 instituere
683 3104 886 3177 desecuimus,
898 3107 951 3169 llis
967 3106 1085 3189 plenam
1102 3105 1208 3170 dautes
1223 3108 1405 3190 potestatem
1420 3125 1485 3170 cum

293 3215 372 3279 omni
387 3214 524 3278 mandato
541 3213 624 3277 adid
640 3215 812 3279 necessario
829 3215 893 3279 sire
908 3215 1028 3298 utrique
1045 3214 1223 3297 conjunctim
1239 3216 1305 3279 sire
1321 3215 1373 3278 uni
1384 3234 1484 3278 eorum

294 3323 351 3388 soli
374 3323 468 3386 altero
492 3342 593 3386 eorum
614 3323 662 3386 rel
686 3322 811 3387 absente
833 3324 881 3385 vel
897 3324 1040 3406 impedito
1056 3325 1086 3387 in
1102 3324 1154 3387 lllo
1170 3326 1313 3388 Tractatu
1329 3343 1385 3407 pro
1400 3325 1483 3387 nobis

294 3436 458 3515 nostroque
475 3431 594 3494 nomine
611 3431 729 3513 agendi,
743 3431 895 3515 loquendi,
912 3432 1070 3505 motandi,
1087 3432 1285 3497 concludendi
1302 3438 1335 3497 et
1349 3432 1483 3515 signandi

293 3543 503 3625 promittentes
520 3560 555 3604 ac
571 3540 760 3606 declarantes
777 3540 838 3604 lide
854 3547 885 3606 et
896 3541 989 3605 verbo
1006 3549 1110 3606 nosue
1126 3563 1181 3606 uos
1196 3548 1354 3626 acceptum
1371 3549 1402 3606 et
1414 3562 1483 3625 gra·

294 3657 356 3714 tum
382 3649 557 3734 firmumque
585 3658 616 3715 et
645 3656 740 3715 ratum
764 3649 919 3715 babituros
949 3650 1090 3735 quicquid
1117 3653 1212 3717 nostri
1233 3653 1484 3736 plenipotentiarii

295 3759 457 3844 supradicti
479 3760 526 3822 rel
550 3759 731 3841 conjunctim
753 3759 936 3825 concludent
959 3767 990 3824 et
1010 3761 1173 3844 signabunt
1186 3762 1234 3826 rel
1250 3763 1347 3825 altero
1362 3761 1483 3826 absente

295 3873 328 3932 et
341 3867 483 3952 impedito
501 3888 576 3932 unus
592 3873 705 3932 tanturn
721 3888 825 3932 eorum
841 3869 1036 3935 conclusurus
1053 3875 1084 3934 et
1100 3873 1271 3953 signaturus
1288 3876 1343 3934 est.
1377 3872 1409 3934 ln
1423 3891 1483 3934 ma-

295 3977 390 4060 jorem
415 3975 504 4039 tidem
525 3983 703 4060 praesentes
733 3978 824 4042 hasce
851 3980 956 4044 literas
978 3984 1096 4044 nostras
1119 3981 1301 4062 signavimus
1329 3980 1481 4066 sigilloque

299 4094 400 4150 nostro
417 4085 523 4149 muniri
535 4086 689 4167 jussimus,
707 4087 842 4151 dedimus
859 4087 974 4152 Gedani
990 4088 1039 4152 die
1058 4089 1109 4153 ll.
1126 4090 1238 4153 mensis
1254 4091 1336 4153 Junii
1356 4089 1448 4154 1712.

1056 4240 1107 4326 o·
1126 4240 1180 4327 sn

387 4373 614 4438 Franciscus
638 4374 837 4459 Princeps.
1235 4376 1398 4442 Groliei.
