3117 5084
1195 362 1272 434 115

64 528 157 608 llegc
169 525 285 592 Galliae
293 527 415 592 Parisiis
427 529 542 594 solutos
554 541 634 602 esse,
647 527 702 594 sed
715 535 746 594 et
757 529 817 595 hoe
828 531 919 596 facile
929 533 1060 598 refutavi
1070 537 1275 602 assecuraudo

63 637 185 701 nullum
200 655 254 700 nos
271 655 400 722 unquam
415 635 558 702 videlieet
574 637 811 704 Conioederatos
824 639 927 704 Statius
942 639 1068 706 iormale
1084 642 1191 708 toedus
1207 665 1275 710 cum

64 743 158 808 Gallo
175 744 379 815 conclusisse,
398 763 490 829 posse
508 744 599 810 Suam
616 746 820 813 serenitatem
835 747 951 832 aliquos
967 748 1191 815 correlationes
1207 773 1276 818 eum

64 855 157 936 llege
173 852 298 926 babere,
314 871 367 918 eas
383 854 425 918 ita
436 853 614 920 constitutas
626 873 696 918 esse
710 854 790 938 quod
801 856 948 939 Princeps
961 876 1083 941 semper
1098 859 1165 922 sine
1180 861 1276 942 parti·

64 962 222 1045 cipaticne
238 961 354 1026 Galliae
369 963 478 1026 Pacem
499 961 683 1026 concludere
704 964 812 1046 possit
844 964 891 1028 De
911 964 1042 1047 Negotia
1059 965 1186 1030 Palatini
1201 968 1276 1032 Kic-

63 1072 184 1135 wensis
200 1071 272 1135 mibi
288 1071 410 1136 dicebat
421 1070 564 1136 Cnaream
579 1071 768 1154 biajestatem
784 1072 930 1139 irritatam
945 1073 1052 1145 fuisse,
1069 1094 1128 1157 ege
1144 1074 1205 1140 dixi
1220 1076 1276 1141 sed

65 1185 100 1244 et
116 1185 273 1264 peccatam
290 1180 354 1262 jam
375 1197 445 1245 esse
460 1179 556 1244 rideri
580 1197 671 1263 posse
694 1200 731 1243 ex
754 1180 853 1246 Golaii
868 1185 1003 1255 arrestoa
1024 1183 1177 1250 interesse
1199 1203 1276 1267 ergo

65 1289 252 1354 serenitatis
274 1292 395 1351 restrae
416 1286 583 1370 replicabat
605 1287 765 1371 requirere
786 1288 943 1354 Potentiae
963 1289 1052 1372 hujus
1078 1311 1165 1375 quam
1180 1293 1272 1358 etiarn

66 1399 187 1464 Caesar
208 1399 293 1462 timet
314 1397 475 1472 ,amicitiae
497 1397 619 1463 sincere
640 1397 754 1462 colere.
792 1397 872 1464 llinii
892 1389 1143 1482 ego'diseursunr
1165 1402 1275 1468 iterato

67 1505 208 1589 rogando
230 1510 383 1591 promptas
403 1501 631 1576 llesolutioucs,
660 1505 840 1570 conscendit
867 1526 943 1590 ergo
964 1508 1177 1577 Pensionarius
1200 1509 1277 1574 tlar-

70 1620 197 1700 penlaun
212 1620 245 1680 et
260 1614 297 1680 ad
311 1615 427 1681 Ducem
451 1613 491 1678 de
505 1613 740 1698 llarlebcrougb
756 1614 831 1680 abiit
851 1615 908 1681 bac
930 1615 971 1682 de
991 1635 1025 1680 re
1049 1618 1276 1682 conterendum.

162 1723 323 1790 Dominum
347 1722 523 1789 Scbmettau
543 1726 576 1788 et
594 1721 768 1789 Cardonnel
795 1721 904 1788 iisdem
929 1723 1006 1788 baec
1029 1724 1277 1790 communicando

68 1833 234 1918 requisivi,
257 1835 290 1896 ut
305 1830 471 1913 condignae
493 1831 687 1898 reflectiones
709 1833 740 1894 et
755 1830 834 1914 apud
850 1830 907 1894 bos
923 1832 1066 1898 Dominae
1080 1833 1278 1899 liemonstra·

72 1941 175 2006 tiones
192 1944 225 2004 et
240 1941 412 2006 balationes
429 1944 556 2005 eatenus
569 1939 692 2004 faciant.

164 2051 286 2116 Interea
300 2047 466 2115 tradiderat
481 2048 626 2114 Dominus
641 2046 799 2114 Birndord
809 2047 986 2115 llemoriale
998 2047 1115 2112 Gallice
1131 2050 1277 2133 scriptum

72 2159 204 2222 Domino
219 2154 389 2225 Cardanuel
406 2162 439 2222 ut
454 2157 569 2223 Ducem
585 2155 623 2220 dc
638 2156 693 2228 iis,
718 2175 795 2240 quae
811 2155 981 2229 desiderat,
998 2177 1090 2240 porro
1113 2158 1278 2223 informare

72 2272 194 2352 quaeat,
210 2267 291 2351 qrrod
308 2265 358 2332 ubi
370 2265 449 2332 Duoi
463 2267 575 2330 lectum
590 2265 709 2336 fuisset,
726 2265 824 2331 eidem
835 2265 993 2330 Rirndorll
1005 2266 1124 2330 etmihi
1140 2267 1279 2332 iteratam

73 2376 158 2440 dedit
173 2373 357 2440 audientiam
373 2373 577 2441 assecurande
592 2373 739 2456 Reginam
755 2379 887 2438 suamet
903 2373 945 2437 Se
962 2393 1023 2439 non
1038 2374 1134 2439 solum
1151 2375 1279 2438 Sereni-

72 2486 142 2550 tatis
149 2485 289 2556 Vestrae,
301 2483 356 2548 sed
367 2488 401 2548 et
408 2481 602 2564 Anglieorum
615 2481 752 2548 samm
763 2482 915 2547 interesse
931 2500 1054 2565 semper
1060 2487 1276 2566 promoturum.

166 2593 216 2657 ble
230 2592 342 2658 deinde
357 2592 504 2656 allocutus
519 2590 676 2656 asserebat
692 2609 726 2654 se
739 2591 885 2654 nonsatis
897 2591 1068 2674 exprimere
1079 2611 1170 2674 posse
1183 2591 1280 2656 admi-

72 2703 222 2768 rationem
247 2719 333 2785 quam
350 2701 484 2783 graviter
498 2700 634 2773 miretur,
659 2700 738 2784 quod
761 2699 905 2767 Bruininx
927 2718 984 2764 ceu
1000 2699 1140 2764 Minister
1165 2699 1281 2766 liberae

72 2811 269 2896 Reipublicae
290 2811 341 2876 tali
356 2811 512 2878 Ameiaao
530 2811 616 2893 Stplo
635 2810 774 2875 scribere
790 2828 850 2875 non
876 2809 1053 2884 erubescat,
1076 2829 1112 2874 se
1130 2829 1198 2874 oum
1213 2811 1279 2874 Di).

74 2921 139 2986 00.
158 2924 286 2984 autenm
303 2920 334 2984 in
350 2918 487 2984 terminis
509 2917 637 2982 sortibus
653 2918 820 2983 locuturum
836 2921 869 2980 et
883 2917 913 2983 in
930 2936 967 2980 eo
984 2917 1124 2988 futurum
1147 2922 1181 2984 ut
1200 2919 1281 2982 intra

72 3029 148 3096 duas
166 3027 232 3092 dies
249 3027 383 3095 obtineat
391 3027 612 3098 Resolutiones,
625 3045 697 3093 rere
711 3025 851 3108 equidem
863 3026 1096 3108 beuNegotium
1109 3045 1179 3092 esse
1193 3028 1281 3093 valde

75 3138 266 3208 intricatum,
288 3135 319 3198 id
339 3136 431 3200 etiam
450 3154 556 3200 versun
574 3154 646 3198 esse
667 3134 694 3200 si
717 3133 829 3200 bellum
843 3134 902 3198 boc
916 3134 1007 3200 ruodo
1022 3155 1079 3218 per
1091 3136 1204 3199 Pacem
1221 3155 1281 3199 non

75 3247 230 3318 liuiremr,
252 3246 412 3312 inlansturn
435 3244 663 3310 subsecuturum
688 3245 854 3316 Eventum,
879 3243 1036 3308 Dominum
1058 3243 1202 3310 Bruiainx
1223 3265 1281 3327 per

76 3358 182 3422 lutam
198 3353 415 3420 Wiennensem
432 3357 605 3437 corruptum
621 3372 710 3424 esse,
737 3371 815 3436 quae
835 3371 915 3418 nunc
933 3352 1082 3416 sinceram
1106 3356 1141 3415 et
1161 3351 1280 3418 facilem

75 3465 286 3547 llungarorum
307 3483 362 3547 per
384 3462 592 3529 mediationem
616 3461 789 3544 paciscendi
810 3461 1007 3526 Intentionem
1024 3459 1130 3524 videm
1147 3461 1281 3534 &edem

77 3575 132 3640 sub
149 3575 242 3640 variis
259 3574 422 3657 speciebus
439 3573 553 3640 cubare
569 3573 698 3638 sollicite
715 3571 842 3655 qauaerit.
960 3576 963 3579 ’

167 3683 289 3748 luterea
301 3683 436 3750 Dominis
447 3682 563 3748 Alliatis
574 3700 633 3744 uon
647 3679 757 3744 deesse
769 3678 868 3742 madia
880 3677 917 3742 ad
930 3677 1172 3761 persuadendum
1180 3678 1281 3761 Impe-

78 3799 221 3864 ratorem,
235 3792 283 3855 rel
295 3811 352 3874 per
366 3790 579 3856 mediationem
593 3789 768 3854 llliatorum
784 3788 832 3850 rel
843 3805 904 3870 per
916 3787 1114 3853 inclusionem
1121 3787 1158 3850 -iu
1174 3805 1280 3870 pacem

80 3900 262 3966 Generalem
268 3897 625 3982 liungariuoballofinem
631 3894 1281 3980 imponereipartedlliatorumomnemsin-

79 4009 236 4072 ceritatem
250 4007 393 4091 imprimis
404 4025 462 4090 pro
476 4004 644 4072 inclusione
656 4001 955 4069 Pacemtieneralem
971 4003 1149 4073 adiuturam,
1163 4001 1281 4066 adverti

77 4122 180 4182 tamen
188 4115 304 4182 debere
313 4116 515 4182 serenitatem
522 4112 795 4182 Veste-Caesarem
803 4131 842 4174 ne
854 4110 916 4174 fors
924 4110 988 4193 jam
996 4110 1280 4192 eumllege.Galliae

80 4227 260 4292 convenisse
268 4245 311 4292 ,ne
323 4223 564 4307 isapudblliatoe
573 4222 770 4290 inclusionem
779 4220 919 4287 Nostram
926 4224 1044 4304 urgeat,
1053 4219 1141 4285 tactis
1149 4237 1280 4302 respon-

81 4335 169 4400 soriis
185 4337 286 4417 proet
297 4336 533 4398 conmaeaeteta
545 4330 583 4394 ad
596 4334 761 4413 sequentes
771 4329 847 4398 illies
861 4329 988 4395 remissa
999 4327 1098 4399 foere,
1111 4330 1143 4397 ut
1153 4325 1229 4389 adeo
1241 4325 1280 4390 ad

81 4463 179 4528 nsque
190 4441 326 4510 ultimum
340 4441 511 4526 impertitae
524 4437 726 4504 Resolutionis
742 4436 823 4504 diem
837 4436 910 4503 nihil
922 4435 1003 4506 aliud
1019 4453 1132 4518 urgere
1142 4434 1280 4505 licuerit,

84 4573 169 4640 quam
178 4551 247 4618 binc
255 4549 372 4616 indeed
381 4547 586 4614 sollicitandos
594 4544 1081 4632 etdisponendosnnimostempus
1090 4541 1277 4626 impendere.

1022 4648 1060 4702 8·
