3117 5084
1217 353 1268 425 hh

69 534 189 599 Gemite
205 533 407 607 Sunderlaud
423 552 459 599 ae
473 532 540 597 Dno
555 532 659 614 Buyle,
676 533 822 599 Dominus
836 531 992 598 labloushi
1007 536 1187 617 sequentem
1197 527 1272 594 lecit

68 642 269 710 Sermonem:

292 750 446 837 Mylords.

164 858 337 945 Speeialem
352 878 420 923 enm
435 857 581 923 Pavorem
596 856 714 922 divinae
727 856 937 929 Providentiae
952 876 1028 941 erga
1038 856 1273 921 Serenissimum

69 967 324 1051 Transsylvaniae
340 967 510 1052 Principem
525 966 719 1031 Francisoum
734 966 875 1050 Rngocxp
896 970 929 1031 et
943 966 1087 1031 afflictum
1101 966 1273 1049 liungariae

69 1078 212 1161 Regnum
233 1096 304 1143 esse
327 1082 450 1162 repnte,
474 1074 554 1160 quod
569 1075 695 1140 causam
710 1075 883 1140 Eorundem
903 1075 936 1139 in
950 1075 1154 1140 illustrissimo
1176 1074 1275 1139 hocce

71 1184 171 1251 Coetu
186 1184 260 1251 mihi
279 1204 426 1271 perorare
450 1185 550 1251 liceat.
589 1182 812 1251 lllustritatibus
826 1182 896 1249 Vris
912 1188 945 1249 et
959 1184 1016 1249 toti
1031 1187 1190 1268 pinoteren
1207 1181 1274 1247 orbi

72 1300 180 1359 notum
195 1295 414 1378 estnequam
430 1293 602 1377 Hnngariae
618 1293 753 1376 Regnum
770 1312 827 1377 per
841 1292 933 1357 multa
948 1292 1059 1357 Secula
1074 1292 1223 1363 floruisse,
1243 1290 1276 1354 in

71 1407 191 1469 omnum
218 1408 253 1469 ut
279 1403 369 1468 etiarn
390 1402 521 1488 propriis
540 1400 653 1466 viribus
675 1402 792 1467 Tureas
820 1401 988 1473 retuderit,
1008 1421 1105 1487 seque
1129 1402 1274 1465 Antemn-

73 1513 140 1577 rale
165 1512 399 1579 Christianitatis
422 1510 609 1582 exhibuerit,
625 1508 725 1575 donee
745 1509 884 1577 ducentis
905 1510 1031 1576 circiter
1051 1508 1161 1575 abhine
1181 1508 1275 1573 Annis

73 1623 179 1707 Reges
195 1642 267 1688 suos
283 1622 407 1687 eDumn
418 1621 574 1687 Austriaea
587 1620 694 1704 legere
707 1621 883 1705 incepisset,
896 1640 913 1684 a
926 1639 986 1705 quo
998 1625 1135 1706 ternpore
1145 1619 1275 1704 Antiqua

73 1732 212 1816 ipsorum
227 1730 300 1796 Jnra
316 1734 348 1794 et
362 1728 523 1812 Privilegia
540 1728 736 1813 jnreJurando
753 1728 874 1813 quidem
890 1727 1074 1801 confirmata,
1090 1726 1146 1792 sed
1162 1732 1195 1791 et
1209 1726 1276 1793 vio-

73 1842 136 1905 lata
154 1838 258 1913 fuere,
281 1840 358 1903 Tum
373 1858 446 1905 vero
463 1836 732 1904 Constitutionibus
749 1838 997 1903 commissionum
1021 1842 1182 1909 renovata,
1206 1856 1276 1899 rur-

74 1968 190 2033 susque
198 1947 318 2021 notan,
326 1953 389 2013 tum
401 1947 521 2032 saepius
534 1948 624 2011 etiam
630 1946 728 2011 Amnis
736 1946 906 2020 vendicata,
913 1945 970 2011 sed
988 1947 1097 2011 iterum
1108 1946 1279 2029 iterumque

73 2059 206 2130 dolata,
230 2062 263 2123 ut
278 2056 353 2121 adeo
370 2062 433 2122 tota
448 2057 498 2121 illa
513 2054 659 2121 Periodus
675 2055 806 2121 Dominii
819 2055 969 2121 Anstviaci
990 2054 1063 2120 nibil
1080 2053 1160 2119 aliud
1174 2052 1278 2126 hieu-it,

76 2167 138 2233 nisi
154 2164 274 2251 quidam
285 2165 422 2231 Cirenlns
438 2166 469 2231 in
485 2184 543 2250 qno
556 2165 705 2231 Promissa
720 2168 752 2231 et
762 2164 981 2230 Promissorum
991 2163 1166 2231 violentatio
1182 2181 1280 2246 usqne

76 2276 109 2339 in
125 2274 232 2343 erbem
248 2274 393 2340 redirent.
425 2274 522 2359 bique
544 2273 594 2340 hic
615 2274 681 2359 ipse
705 2292 852 2358 praesens
875 2274 967 2338 etiam
982 2278 1031 2338 est
1046 2294 1134 2338 casus
1150 2271 1280 2337 afflictae

76 2381 169 2467 hnjns
184 2382 332 2456 Nationis,
347 2380 399 2449 nbi
414 2387 514 2447 lamen
529 2380 639 2467 duplex
656 2381 813 2466 oppressio
829 2379 1041 2464 distinguenda
1057 2384 1115 2453 est,
1133 2379 1280 2445 secularis

79 2498 113 2558 et
141 2491 316 2577 spiritualis.
355 2491 530 2557 secularem
563 2496 708 2557 exercent
730 2490 860 2556 llinishi
882 2489 1077 2574 imperatoris
1095 2489 1156 2555 Dni
1178 2488 1224 2553 sui
1249 2492 1283 2553 et

77 2601 207 2687 proprio
235 2620 290 2665 suo
313 2600 488 2674 commodo,
512 2601 562 2685 qni
587 2599 674 2665 modo
699 2600 747 2665 vix
769 2598 964 2684 exprimendo
979 2599 1088 2663 saltem
1103 2618 1163 2662 non
1177 2596 1282 2683 paneis

77 2710 185 2778 verbis
209 2710 479 2796 pessumdederunt
502 2711 594 2777 dura
628 2714 668 2775 et
689 2709 916 2793 Privilegia
941 2709 1071 2794 lmperio
1097 2708 1281 2795 Despotico:

78 2821 233 2886 Personas
254 2820 387 2905 ipsorum
407 2818 549 2884 Lanienis
571 2824 603 2883 et
630 2838 738 2884 cruore
762 2818 900 2883 manibus
923 2816 1079 2884 carnificis
1103 2818 1283 2902 frequenter

78 2928 159 2993 fisso.
190 2928 273 3013 Opes
288 2927 509 2993 violentissimis
525 2925 764 2999 Extersionibns,
775 2927 935 2992 Notionem
950 2926 1082 3012 denique
1098 2926 1194 3011 ipsam
1204 2925 1282 3009 Dig-

78 3038 194 3101 nitatee
210 3039 243 3100 et
257 3034 356 3101 officia
370 3036 467 3119 Regni
484 3036 628 3121 pleraque
644 3035 820 3119 Peregrinis
836 3034 1034 3104 conterendo.
1063 3034 1148 3118 Quae
1163 3038 1283 3107 ennete,

80 3146 219 3231 masuris
243 3165 365 3229 prorsus
386 3144 596 3211 intollerabilis
617 3145 786 3219 videantur,
808 3145 973 3231 spiritualis
1002 3150 1103 3210 tamen
1125 3142 1282 3228 oppressio

79 3254 211 3322 desnitis
222 3254 404 3320 nantoatis
416 3256 560 3328 exercita,
577 3256 753 3320 immensum
770 3256 870 3321 extitit
884 3253 1122 3319 intollerabiliur.
1135 3253 1172 3318 lli
1183 3252 1283 3317 Scho-

80 3366 139 3437 las,
155 3364 292 3448 Templa,
308 3364 450 3449 ipsosque
473 3364 604 3429 infantes
625 3365 876 3447 Evangelicornm
892 3384 1031 3449 rapuere,
1043 3364 1183 3429 Pastores
1199 3362 1283 3447 ipso-

80 3492 150 3537 rum
167 3474 199 3537 in
216 3472 344 3538 Exilium
367 3492 478 3557 egere,
495 3474 631 3558 aliosque
646 3474 684 3538 ad
699 3474 853 3539 Triremes
874 3474 1071 3546 damnavere,
1092 3472 1159 3536 aliis
1180 3473 1284 3536 oculos

83 3602 213 3655 eruere,
237 3581 341 3669 Populi
363 3587 480 3667 partem
500 3582 537 3647 ad
561 3582 655 3647 Sacra
678 3601 731 3647 sua
755 3582 910 3667 pellexere
932 3580 1037 3666 spoliis
1061 3580 1188 3645 datvm
1210 3581 1284 3647 alios

84 3691 122 3756 ad
139 3690 247 3757 eadem
262 3692 360 3756 saevis
376 3692 547 3757 ‘fermentis
565 3710 707 3775 coegere.
733 3692 815 3755 llaec
837 3690 909 3755 talia
923 3696 1004 3762 snat,
1025 3710 1103 3775 quae
1118 3690 1284 3755 Commise-

82 3802 233 3877 rationem
248 3806 404 3866 merenhrr
418 3801 505 3886 probi
521 3801 669 3886 cujusque
686 3799 863 3872 Christiani,
887 3798 1060 3865 nominatim
1079 3817 1153 3863 vero
1177 3798 1285 3863 nobilis

83 3910 175 3992 hujus
203 3914 236 3974 et
261 3909 435 3975 Generosae
458 3909 609 3982 Natinnis,
638 3928 715 3994 quae
744 3907 865 3993 quidem
885 3906 1041 3973 Gubernio
1068 3906 1162 3991 Regis
1188 3913 1285 3992 paret,

85 4019 193 4104 neqmt
208 4019 270 4104 pati
286 4017 474 4084 arbitrariam
488 4019 688 4084 Postestatem
698 4017 834 4101 Legibus
847 4015 1044 4089 contrariam,
1057 4036 1157 4101 neque
1168 4017 1286 4100 Tyran-

86 4126 186 4192 nieam
202 4126 431 4212 oppressionem
445 4127 611 4211 Religionis
627 4126 846 4211 Evangelieae,
870 4124 956 4206 eujus
971 4124 1038 4209 ipsa
1053 4124 1224 4208 Principale
1241 4129 1289 4189 est

86 4238 118 4301 in
129 4236 301 4302 Christiano
314 4235 389 4301 urbe
400 4235 550 4301 Fnlerunr.
565 4236 676 4301 Verum
688 4235 885 4301 edisserendo
897 4234 970 4298 mibi
982 4238 1030 4298 est
1040 4252 1113 4297 vera
1119 4232 1216 4304 Ratio,
1229 4253 1288 4318 qua

86 4346 233 4431 Princeps
251 4351 283 4411 et
297 4345 395 4429 Regni
412 4346 514 4411 Status
530 4347 658 4431 permoti
674 4344 814 4428 Magnam
829 4343 1026 4408 Brittanniam
1042 4346 1073 4406 et
1087 4341 1287 4406 Foederatnm

87 4454 225 4537 Belgium
237 4456 268 4519 in
279 4472 426 4539 praesens
443 4455 632 4539 compellant,
650 4474 726 4540 quae
742 4456 807 4539 ipsa
821 4453 1010 4519 lllustritates
1027 4470 1146 4535 quoque
1163 4451 1238 4515 Vras
1249 4451 1288 4516 ad

89 4563 295 4630 meliorandum
311 4563 385 4648 ipsis
397 4564 534 4629 auxilium
547 4583 726 4648 permovere
738 4563 860 4648 poterit
876 4560 997 4647 Sparsit
1006 4560 1081 4625 aua
1089 4559 1287 4626 Wiennensis
