3117 5084
299 363 350 437 at

295 538 608 603 extremitatibus
624 538 682 603 bis
695 539 981 605 circumventos
994 546 1027 603 et
1037 537 1222 604 morantibus
1234 560 1251 601 a
1263 544 1348 602 tanto
1362 544 1496 621 tempore

295 648 577 731 responsoriis
601 648 680 711 tuis
697 668 798 711 rorum
821 652 884 711 ate
900 652 1053 729 gestamm
1070 648 1203 711 incertos
1219 647 1497 711 adactossuissr

298 754 1496 839 adportaeottomanicaeoblationemdenoroperexpreese

296 862 435 927 emissam
459 864 672 927 solennius
696 863 938 927 reiteratam
963 863 1031 946 plus
1053 862 1224 927 retleriouis
1246 865 1498 947 quambactenus

297 970 400 1035 iacere
417 970 501 1035 etad
517 971 755 1055 experimentum
772 970 937 1037 oblatorum
954 971 1125 1035 laciendum
1142 970 1325 1055 publicae
1346 990 1498 1055 qaoque

298 1078 510 1161 ablegatos
538 1084 702 1143 nostros
730 1080 921 1152 comittere,
950 1080 1080 1165 quodsi
1111 1078 1232 1163 quidem
1260 1085 1369 1144 corsua
1403 1078 1499 1141 omnia

300 1187 409 1251 Nostra
426 1187 571 1251 hactenus
588 1187 751 1271 practicata
768 1188 976 1272 principia
995 1210 1066 1253 nos
1089 1188 1242 1252 inritos
1266 1186 1432 1251 fecisse
1453 1187 1498 1249 sul

298 1294 745 1379 ipsemotlacileaguosces
769 1304 809 1363 et
833 1298 1148 1363 assecurabisV.
1165 1298 1200 1359 Α.
1222 1296 1370 1377 Regem
1395 1300 1500 1357 tunm

299 1409 331 1468 et
354 1403 486 1487 reliquos
515 1404 750 1469 alliatornm
776 1406 1008 1478 ministros,
1034 1426 1088 1470 nos
1112 1404 1251 1469 lubentes
1273 1402 1354 1467 hanc
1380 1424 1499 1487 quoqne

301 1510 534 1591 negotiationem
551 1511 648 1575 udlme
671 1513 708 1575 in
731 1512 857 1577 herba
879 1534 1197 1597 suppressam,
1221 1512 1383 1575 dummodo
1404 1532 1500 1595 pran-
1558 1502 1559 1525 ¹

300 1619 391 1685 totius
419 1620 624 1683 formalem
652 1620 867 1685 habeamus
895 1622 1248 1686 assecurationem
1276 1640 1500 1704 assequen-

300 1726 434 1791 dorum
450 1727 664 1791 mediorum
681 1730 1107 1795 securitatisnostrae
1127 1736 1160 1793 et
1175 1728 1370 1813 quidemtam
1387 1748 1499 1812 appre-

300 1836 424 1919 priatam
462 1854 543 1918 qna
577 1836 751 1901 conlisi
787 1842 942 1903 certum
977 1838 1050 1903 troc
1085 1838 1188 1902 belli
1226 1837 1499 1901 continuandi

302 1942 467 2007 medium
483 1942 614 2025 rejicere
631 1964 742 2027 operae
759 1945 887 2027 pretium
907 1947 955 2011 sit
989 1948 1112 2012 Certum
1128 1946 1208 2009 enim
1228 1950 1277 2008 cst
1295 1946 1500 2008 nationem

300 2052 338 2115 in
355 2051 502 2117 communi
518 2050 614 2115 omnia
631 2055 879 2118 tentaturam
903 2074 980 2137 quae
996 2056 1032 2119 ud
1049 2053 1374 2119 debellationem
1394 2073 1501 2117 saara

301 2158 528 2223 evitandam
561 2164 653 2243 apta
681 2160 770 2223 tore
798 2160 981 2243 judicaverit
1011 2184 1084 2227 nec
1115 2162 1233 2226 nobis
1262 2161 1501 2245 imputanda

301 2266 493 2331 evenient
521 2266 818 2351 subsequentia
844 2290 1021 2355 europae
1042 2272 1155 2342 mala,
1185 2291 1262 2354 quae
1288 2269 1361 2334 binc
1384 2270 1499 2334 exoriri

300 2378 457 2459 poterunt,
490 2376 540 2459 qni
567 2395 603 2441 ea
638 2382 910 2459 praevertere
941 2378 1080 2445 habita
1115 2376 1375 2445 certitudine
1404 2379 1502 2461 parati

302 2502 404 2547 suanus
420 2489 452 2547 et
467 2502 503 2549 ea
518 2484 548 2547 in
565 2488 701 2568 tempore
718 2483 910 2552 notificamus.

340 2588 491 2660 (chimino
504 2587 614 2663 Capio.)
872 2666 911 2730 ¹5

536 2788 753 2855 Sobreibco
776 2791 990 2875 dedcny's
1013 2812 1057 2857 aa
1078 2793 1263 2857 Klement

758 2899 790 2963 4.
807 2901 913 2985 April
934 2901 1030 2965 1709.

393 3022 573 3107 Egregie
608 3024 748 3089 tidelis
785 3026 907 3091 Nobis
936 3025 1102 3091 dilecte.
1148 3026 1311 3108 Qudeoaur
1339 3024 1505 3089 domino

304 3129 518 3196 dablonski
542 3130 712 3197 dederimus
728 3154 821 3217 snper
836 3133 923 3199 binas
944 3133 1031 3199 simul
1056 3154 1123 3197 cum
1146 3133 1222 3205 tuis,
1244 3154 1374 3217 neque
1399 3136 1506 3199 enim

306 3240 438 3323 plures
453 3238 639 3311 uidimus,
656 3261 834 3325 responsum
850 3262 887 3307 eo
901 3241 961 3307 tine
977 3244 1008 3306 in
1023 3242 1148 3308 annexis
1163 3241 1322 3324 copialiter
1336 3244 1507 3307 traamitti·

306 3366 387 3417 mus.
411 3352 444 3409 ut
458 3366 512 3431 pro
530 3346 663 3413 uberiori
687 3348 855 3414 directione
871 3350 968 3414 Seasa
983 3350 1080 3415 Aninri
1096 3350 1199 3414 Nostri
1215 3350 1433 3431 cognoscendo
1450 3372 1507 3434 pro

306 3474 407 3517 rerrrm
423 3457 455 3517 et
479 3458 645 3539 temporum
668 3458 868 3523 occurrentiis
882 3478 954 3523 sese
974 3457 1201 3525 accommodare
1222 3457 1299 3522 sciat
1323 3457 1507 3522 fidelitas

307 3566 381 3625 tua.
408 3561 481 3625 Com
497 3582 568 3625 vero
586 3564 657 3649 quid
673 3584 739 3629 cum
755 3566 851 3631 literis
866 3568 913 3631 ad
927 3568 1073 3649 Regem
1097 3566 1240 3629 daniae
1265 3565 1389 3648 scriptis
1405 3572 1509 3631 actum

306 3670 346 3733 sit
358 3669 420 3751 jam
436 3669 508 3735 Dni
523 3671 738 3738 iablonski
754 3675 997 3739 certioratiooem
1012 3674 1188 3759 percepisse
1206 3673 1420 3755 intelligamus,
1440 3695 1508 3739 cam

307 3797 379 3841 vero
397 3776 524 3843 necdum
540 3781 776 3865 perceperimus,
799 3782 913 3847 idcirco
937 3783 1074 3847 iteratam
1096 3802 1216 3866 quoque
1238 3781 1507 3866 praestolabimur3

310 3888 451 3969 quantum
467 3884 504 3949 ad
520 3906 699 3951 summam
716 3888 1021 3955 dilectissimae
1045 3890 1212 3973 conjugi
1233 3893 1402 3953 nostrae
1419 3910 1508 3953 crs·

310 3992 432 4057 ditum
449 3992 523 4059 actis
539 3995 702 4061 Domino
725 3997 940 4063 dablonslti
962 3998 1069 4080 gratiis
1094 3998 1271 4081 quantocius
1287 3995 1509 4061 refundendam

309 4103 513 4189 disponemus.
523 4124 558 4169 ao
568 4124 645 4171 nuuc
655 4125 774 4191 quoque
786 4104 890 4170 literas
902 4105 1062 4171 cambiales
1070 4105 1339 4171 transmisissemus
1346 4102 1507 4169 dummodo

313 4212 351 4277 de
376 4212 527 4279 volontate
552 4234 678 4297 quonam
698 4214 789 4296 dirigi
812 4214 944 4279 debeant
962 4215 1122 4281 fuissemus
1138 4214 1300 4285 informati,
1315 4212 1509 4277 nibilominus

310 4342 377 4389 cum
394 4342 429 4385 ex
447 4320 676 4405 particularibus
692 4322 776 4387 bisce
794 4322 948 4388 debitis
965 4323 1171 4389 contusionem
1193 4321 1296 4385 enasci
1317 4320 1508 4387 anbnadser-

309 4436 405 4495 tamus
426 4428 549 4514 jamque
573 4428 772 4495 sufficientem
794 4452 864 4515 pro
889 4437 1006 4515 parte
1027 4430 1311 4512 Principissae
1339 4436 1507 4495 nostrae

310 4538 348 4603 de
364 4537 544 4621 necessariis
561 4538 701 4623 expensis
717 4538 934 4603 instituerimus
956 4538 1080 4603 fundum
1102 4536 1229 4601 simili
1252 4536 1508 4620 inposterum
